2788 4772
82 467 156 530 Non
178 476 281 540 umen
304 465 421 550 eripiet
441 463 541 530 laudis
563 443 804 530 conscientiam.

82 577 115 640 si
136 589 281 642 nostrum
304 573 439 640 studium
462 569 610 653 pervenit
632 572 672 632 ad
693 590 786 632 armes
808 579 877 634 turs

81 681 125 744 Et
146 693 216 744 arte
237 679 329 746 fictas
351 674 473 740 animus
495 673 589 736 sentit
610 671 754 746 fabulas,

81 784 217 848 Omnem
240 781 401 867 querelam
424 781 594 842 submovet
614 775 765 840 felicitas.

82 886 137 949 Sin
160 896 264 950 antem
288 887 401 948 doctus
423 883 484 944 iliis
507 879 651 944 ooeurrit
673 878 788 952 labor,

83 988 218 1052 Sinistra
241 1008 323 1073 quos
344 985 374 1049 in
398 985 500 1048 lucem
521 993 635 1047 natura
657 981 771 1046 extulit

82 1090 152 1156 Neo
174 1089 345 1176 quicquam
364 1098 501 1172 possunt
522 1085 581 1150 nisi
602 1083 752 1150 meliores
775 1103 908 1166 carpere
920 1126 930 1159 ,
963 1120 965 1128 ,

83 1193 192 1256 Fatale
215 1192 345 1256 exitium
367 1193 465 1256 eorde
486 1192 601 1254 durato
622 1187 746 1264 feram,

83 1293 197 1360 Donec
218 1296 380 1364 fortunam
402 1291 542 1358 criminis
564 1293 683 1374 pudeat
704 1290 766 1356 sui.

492 1562 680 1582 uu·-

338 1847 518 1930 mutu
556 1847 834 1926 TERTIUS.

489 2043 681 2060 ‚m

264 2192 519 2260 PHAEDRUS
541 2189 606 2258 An
629 2187 910 2258 EUTYCHUM.

126 2333 270 2402 Phaedri
291 2335 417 2400 libellos
438 2334 547 2418 legere
569 2332 597 2396 si
619 2331 799 2408 desideras,

87 2435 191 2503 Vaces
213 2447 363 2521 oportet,
388 2437 556 2515 Eutyche,
580 2456 597 2498 a
619 2435 780 2520 negotiis,

88 2539 130 2604 Ut
150 2541 233 2608 liber
256 2539 378 2602 animus
400 2519 515 2601 sentiit
537 2536 600 2600 vim
624 2536 784 2609 carminis.

88 2641 226 2720 Verum,
251 2641 375 2726 inquis,
400 2639 480 2710 tenti
500 2659 565 2704 non
588 2651 637 2704 est
658 2639 817 2722 ingenium
840 2650 946 2716 trusum,

88 2741 288 2812 Momentum
311 2755 346 2806 ut
367 2745 468 2807 horse
490 2754 604 2826 pereat
625 2742 720 2806 officii
742 2741 818 2806 mei.
1073 2741 1092 2806 5

88 2844 160 2936 Non
183 2867 265 2934 ergo
288 2867 381 2914 eausa
404 2857 452 2912 est
474 2845 619 2911 manibus
640 2845 672 2908 id
693 2845 780 2932 tangi
801 2845 884 2928 tuis,

90 3094 139 3130 tum
165 3086 301 3132 emendavit
320 3085 438 3137 Rittersh.
466 3085 548 3146 sicque
574 3084 599 3134 S.
625 3109 658 3125 ι-
682 3099 713 3130 ns
734 3085 836 3144 primus
849 3081 923 3146 soret
946 3083 998 3132 Ner
1025 3087 1096 3134 solus

90 3159 153 3200 esest
168 3155 249 3201 studii
260 3155 326 3216 quod
337 3151 463 3214 superfuit
480 3156 510 3201 P.
527 3156 557 3200 R.
571 3169 595 3212 p.
611 3155 736 3212 (Pithoeus
750 3157 856 3202 deiectus
869 3158 937 3216 siguo
950 3160 1030 3212 posuit
1041 3163 1096 3209 ants

90 3232 112 3269 t.
132 3219 170 3279 5.)
205 3224 247 3283 (Β)
267 3221 377 3286 feeerit]
401 3238 424 3280 p.
452 3227 479 3270 S.
505 3249 538 3262 -
549 3220 653 3285 sereret
675 3225 705 3269 P.
725 3245 756 3262 ι-
767 3221 872 3284 sederet
887 3226 918 3270 R.
956 3224 1014 3285 (10)
1032 3228 1097 3280 lions·

90 3289 234 3354 obtrectare]
254 3309 279 3352 p.
298 3296 325 3340 8.
345 3315 378 3328 ·-
396 3294 462 3340 titur
480 3295 604 3345 oblectare
622 3295 653 3342 R.
672 3297 729 3350 „vsi
741 3294 888 3345 obiecture”
906 3297 978 3342 Vine.
998 3299 1037 3356 (nt
1053 3310 1096 3342 ro·

90 3359 151 3410 lebat
176 3361 254 3420 Gud.)
279 3388 312 3408 ‹—
335 3363 408 3416 1ᾳόον
425 3364 549 3411 oblectare
568 3364 598 3413 P.
646 3365 742 3419 „Recte
768 3364 900 3412 Pithoeus:
928 3368 991 3410 Iisor
1015 3365 1096 3411 obire.

91 3433 165 3478 crare.
202 3433 285 3492 Neque
313 3435 361 3487 niis
382 3439 419 3478 est
448 3435 472 3478 in
497 3435 558 3486 Cold.
586 3435 637 3488 P„
669 3440 695 3478 nt
719 3435 846 3488 dixerunt,
869 3449 973 3480 emeuu
992 3438 1096 3482 secunde

90 3500 218 3555 scripturae
236 3504 397 3549 immutatio.”
415 3504 493 3548 Brun.
540 3502 600 3562 (id)
619 3503 666 3548 stu
689 3510 772 3554 eutem
798 3503 886 3550 doctus
913 3502 979 3563 i111's]
1004 3505 1095 3563 Rigalt.

91 3566 115 3610 S·
132 3589 165 3604 ··
181 3572 228 3618 Sin
250 3579 333 3618 autem
355 3572 386 3624 ab
408 3574 463 3618 iliis
486 3571 572 3622 doetus
596 3574 626 3624 P,
652 3574 683 3617 R.
708 3588 732 3630 p.
782 3572 842 3631 (17)
855 3573 975 3637 possunt]
1000 3574 1039 3624 Sis
1062 3575 1094 3624 P.

91 3639 147 3682 teste
163 3641 236 3703 Bsrg.
256 3643 286 3691 R.
306 3657 331 3699 p·
368 3643 415 3688 Sed
433 3644 552 3704 Bongers.
573 3644 710 3688 annotavit:
737 3644 833 3697 „Vetus
853 3645 897 3690 Cd.
915 3644 1043 3703 possint.”
1061 3667 1094 3686 —,

90 3715 118 3756 λβ
135 3711 264 3770 qumquam
275 3712 378 3770 possint
395 3712 527 3767 Bipontini.
565 3710 619 3769 (18)
640 3737 672 3748 -
691 3719 803 3766 eventum
821 3715 953 3760 Bentleins.

138 3776 232 3826 LIBER
259 3783 304 3826 111.
345 3781 485 3832 Puotouns.
527 3780 658 3828 Phaedrus
683 3782 717 3828 ad
743 3781 897 3846 Eutychum]
944 3785 983 3830 Sic
1010 3784 1040 3832 P.
1067 3797 1092 3840 p.

91 3841 218 3895 »Editores
235 3850 361 3912 Prologus
382 3848 417 3895 ad
431 3849 463 3898 E.
501 3852 596 3897 Titulus
616 3857 641 3897 ut
659 3853 746 3912 legitur
764 3853 789 3897 iu
814 3853 875 3903 Cod.
903 3853 924 3898 si
943 3854 1037 3911 quidem
1058 3858 1096 3900 est

91 3909 118 3956 *b
136 3914 187 3970 ipso
205 3927 302 3966 auctore
321 3920 458 3978 profectus,
485 3923 576 3966 dirimit
604 3923 794 3974 controversiam
812 3923 841 3968 ds
860 3924 955 3968 nomine
973 3923 1094 3984 Phaedri,

92 3992 145 4040 mn
163 3992 321 4048 nominativo,
351 4004 423 4050 quom
450 3997 475 4040 et
500 3986 538 4038 ute
567 3997 592 4038 et
618 3993 676 4038 stibi
700 3990 830 4042 Phaedrus
851 3999 1016 4056 nuncupetur,
1046 4008 1093 4042 uon
