2788 4772
280 349 319 411 26

278 511 338 571 par
360 501 444 566 erat,
467 490 712 572 perficiendum
736 493 817 554 unde
838 491 996 554 hocloco
1013 493 1128 556 merito
1145 513 1285 557 summas

279 592 397 676 gratias
420 613 482 676 ago
506 593 589 656 VV.
614 592 687 656 CC.
711 591 905 656 Dreohselio
929 605 959 656 et
974 593 1201 682 Usterioaqui
1224 600 1284 661 be-

278 695 373 779 nigne
397 694 473 757 mihi
495 696 560 758 eins
584 697 707 777 copiam
729 696 887 758 fecerunt.

342 798 451 862 Habes
474 799 574 882 igitur
595 802 713 880 poe'tae
735 801 851 874 verba,
888 811 1036 882 quantum
1059 790 1168 883 potui,
1200 825 1282 885 pro·

277 901 424 963 habiliter
441 901 610 964 constituta
625 905 663 964 ad
680 901 823 966 codicum
840 901 946 979 fidem,
958 903 1099 966 subiecta
1114 905 1281 990 integra

277 1005 430 1068 varietate
454 1003 608 1070 Codicum
632 1016 663 1066 et
685 1007 770 1068 Edd.
795 1003 992 1068 Pithoeanae
1015 1017 1109 1090 atque
1143 1010 1281 1071 Schwa-

183 1184 185 1192 s
260 1105 407 1173 'bianaez
445 1108 577 1191 singulis
600 1103 870 1172 emendationibus
901 1120 932 1171 et
958 1109 1170 1186 coniecturis,
1201 1133 1278 1194 quas

277 1231 454 1274 memorare
477 1231 596 1293 operae
617 1209 754 1293 pretium
771 1209 938 1274 videbatur
953 1247 994 1258 —-
1008 1214 1180 1293 permultas
1196 1213 1278 1278 enim

277 1325 308 1376 et
341 1313 441 1376 miuus
469 1313 654 1396 probabiles
683 1325 715 1376 et
747 1325 856 1395 aperte
883 1313 978 1377 falsas
1006 1315 1164 1400 facileque
1195 1319 1280 1397 apud

277 1416 483 1481 Schwabium
515 1416 547 1478 in
580 1415 690 1499 primis
723 1418 924 1499 reperiendus
956 1417 1105 1482 consulto
1135 1431 1278 1500 praeter-

269 1519 345 1582 ·misi
367 1512 523 1602 --'prin1i
545 1521 684 1583 auctoris
707 1541 823 1584 nornen
844 1517 1024 1583 subiicitur.

339 1623 422 1685 Eum
444 1633 547 1685 autem
578 1645 672 1686 unum
696 1625 738 1686 ob
760 1623 853 1686 finem
877 1622 968 1686 etiam
991 1623 1130 1688 Phaedri
1151 1625 1278 1707 suscepi

268 1725 461 1800 editionem,
495 1737 531 1789 nt
564 1737 638 1806 post
659 1728 719 1788 hos
742 1725 920 1789 CCXXV.
944 1747 1043 1789 annos
1064 1727 1190 1790 tandem
1212 1749 1275 1809 pro

275 1841 364 1891 certo
387 1838 549 1892 constaret
572 1830 609 1889 de
632 1827 829 1911 singulorum
852 1828 917 1890 eius
939 1831 1112 1892 verborum
1135 1831 1278 1893 auctori·

275 1942 356 2004 tate3
380 1942 530 2013 quantum
552 1951 635 1992 nune
669 1929 793 2013 quidem
822 1931 893 1993 fieri
920 1941 1040 2013 potest.
1085 1932 1277 1996 Incredibile

269 2046 321 2096 est
344 2033 443 2107 euim,
478 2043 557 2115 quot
589 2043 621 2094 et
644 2032 751 2118 quanti
773 2030 900 2096 errores
929 2033 959 2095 in
981 2032 1068 2096 tenui
1090 2035 1154 2097 hoe
1175 2056 1274 2117 opus-

274 2137 348 2198 culo
366 2137 479 2215 adhue
508 2135 668 2198 commissi
698 2135 777 2211 sint,
816 2158 880 2199 nou
910 2139 1023 2219 magud
1050 2137 1194 2218 quidem,
1219 2142 1276 2202 sed

271 2251 376 2302 tamen
398 2238 549 2302 nonnulld
570 2237 737 2300 Editornm
766 2239 872 2320 cnlpai.
916 2239 1038 2300 Verum
1060 2239 1100 2316 ii,
1139 2239 1194 2324 qni
1222 2263 1274 2306 me

216 2327 218 2332 ⁵
272 2343 325 2405 vel
352 2342 384 2403 in
414 2340 577 2403 levissimis
606 2343 702 2404 rebus
736 2341 914 2404 correcturi
941 2352 1030 2417 sunt,
1067 2338 1195 2406 necess&
1224 2357 1274 2407 est

271 2447 407 2511 habeant
435 2443 727 2528 Bergerirnram,
760 2443 970 2508 Pithoeannrn
1000 2441 1162 2526 exemplar
1189 2447 1274 2508 Ber·

272 2569 366 2610 nense
376 2589 386 2623 ‚
421 2546 575 2608 Iannellii'
597 2546 749 2610 Codieern
772 2549 990 2624 Perottinum,
1022 2559 1151 2628 praeter
1181 2569 1270 2628 eam,

160 2657 163 2674 ¹
267 2667 351 2734 tqnne
383 2649 511 2711 facilior
547 2661 659 2729 paratu
695 2661 764 2724 est,
807 2650 1069 2713 Bdrrnannianam
1103 2650 1274 2716 editionem

271 2775 341 2815 cnm
364 2750 620 2813 annotationibus
643 2751 806 2814 variorum
828 2751 901 2814 anui
922 2753 975 2814 Μ.
1001 2751 1111 2834 ΠΕΟ.
1132 2755 1271 2818 XVIII.

265 2854 425 2928 Ceteros,
458 2853 512 2936 qni
535 2848 711 2915 Schwahio
741 2857 903 2916 dumtaxat
924 2859 1070 2930 utentur,
1104 2856 1180 2918 nihil
1203 2879 1274 2922 nto-

268 2979 338 3022 ror.
383 2958 464 3019 Nam
487 2957 532 3031 is,
567 2968 602 3019 nt
628 2955 700 3019 fieri
718 2958 788 3020 fere
811 2957 901 3020 aliter
922 2979 986 3020 non
1007 2969 1154 3040 poterat,
1190 2979 1269 3022 oon-

265 3059 370 3126 fundit
392 3059 546 3123 lectiones
568 3060 725 3142 inprimis
749 3058 832 3125 Cdd.
856 3058 945 3125 Pith.
970 3071 1001 3124 et
1015 3063 1114 3125 Rem,
1132 3063 1224 3126 talem
1237 3061 1270 3124 iu

268 3166 414 3238 modum,
449 3153 490 3224 ut!
512 3163 663 3227 evolvere
693 3164 808 3226 exitum
837 3164 968 3228 istarum
990 3167 1153 3228 turbarum
1175 3165 1267 3228 unire

269 3288 331 3347 ope
353 3266 567 3350 Bergerianae
590 3266 735 3329 editionis
758 3267 969 3349 potuerimus.
1008 3268 1143 3332 Minime
1164 3280 1267 3332 tamen

267 3380 443 3452 propterea
470 3370 672 3452 reprehendo
708 3370 809 3433 virum
837 3370 1139 3453 praestantissimum
1169 3383 1200 3435 et
1227 3374 1265 3435 de
1346 3363 1349 3367 ⁸

263 3474 418 3537 ‘Phaedro
448 3471 566 3554 optime
596 3472 760 3535 meritum:
795 3495 866 3536 nam
899 3486 970 3536 ante
1002 3474 1138 3538 subsidia
1165 3496 1267 3556 nuper

266 3587 395 3657 reperta
426 3575 524 3638 eidem
557 3575 667 3656 cnlpae
701 3597 763 3659 ego
797 3597 926 3661 quoqne
967 3576 1133 3660 aliquando
1167 3576 1266 3640 affinis

264 3678 413 3756 fuissem,
428 3679 454 3742 si
466 3678 554 3760 prius
565 3699 700 3762 unquam
713 3681 751 3739 de
762 3679 912 3742 Phaedro
923 3681 1045 3744 edendo
1063 3681 1263 3764 eogitassetu.

330 3781 444 3866 Signa,
470 3782 584 3867 quibus
607 3802 680 3844 usus
704 3803 788 3857 sum,
814 3784 891 3845 haee
914 3794 1003 3846 sunt:
1093 3815 1094 3822 ¹
1274 3791 1278 3797 '

267 3879 368 3951 1².'=
397 3885 512 3950 Codex
535 3884 744 3950 Pithoeanus.

269 3990 311 4058 R.
334 3988 508 4054 :Codex
531 3987 715 4052 Remensis:
754 4009 789 4050 ea
819 3987 888 4054 soii.
918 3993 1074 4066 varietas,
1110 4013 1190 4076 qnae
1212 3995 1263 4053 vet
