2768 4750
702 511 800 577 [sas.
827 511 917 576 xm]

574 616 739 702 asinus
761 637 826 702 An
848 637 1033 702 sunau.

1354 755 1355 836 l

346 804 529 891 Quomodo
551 804 694 889 ingenia
714 828 816 892 saepe
837 807 1034 871 calamitate
1056 805 1278 872 intercidant.
1354 841 1355 890 1

348 927 467 992 Asinus
489 925 644 991 iacentem
666 927 748 992 vidit
769 929 802 991 in
824 928 918 1011 prato
942 930 1058 1010 lyram.

308 1031 473 1110 Accessit,
497 1031 671 1107 †tentavit
693 1033 831 1096 chordas
852 1031 992 1117 singulm

308 1137 454 1200 Sonuere
476 1147 592 1198 tactae.
637 1135 726 1198 Bella
748 1157 801 1199 ces
819 1135 1018 1200 mehercules
1088 1185 1093 1190 .

306 1239 397 1304 Male
418 1239 531 1314 cessit,
557 1238 617 1314 ait,
642 1239 718 1302 artis
741 1238 814 1324 quia
837 1261 906 1302 sitm
931 1232 1068 1304 nescius.
1108 1291 1110 1298 ,

306 1341 341 1405 Si
362 1342 535 1424 reperisset
557 1331 668 1427 aliquis
690 1345 772 1406 hanc
794 1343 1000 1424 prudentior,

304 1446 431 1511 Divinis
455 1466 545 1508 aures
571 1447 763 1510 oblectasset
785 1447 969 1536 cantibus.»

348 1547 401 1612 Sic
423 1570 518 1632 saepe
540 1549 665 1636 ingenia
688 1549 864 1614 calamitate
886 1550 1092 1617 intercidunt.

706 1721 804 1784 [css.
827 1723 916 1785 xm]

496 1854 687 1921 MULIER
709 1855 861 1922 VIDUA
882 1858 945 1921 ET
969 1855 1129 1922 MILES.

381 2000 523 2081 Quanta
543 1997 590 2060 sit
610 1996 844 2061 inconstantia
864 2009 897 2062 et
918 1999 1023 2064 libido
1046 2000 1246 2066 madierum.

348 2120 415 2184 Per
437 2139 455 2182 a
474 2164 483 2183 .
499 2118 593 2205 iquot
617 2141 721 2185 .nnos
744 2122 898 2204 quaedam
922 2121 1068 2184 dilectum
1092 2122 1195 2186 vicum

306 2225 418 2287 0misit
439 2236 470 2288 et
492 2226 696 2309 sarcophago
717 2245 839 2307 corpus
861 2223 1016 2288 condidit.

307 2349 402 2412 .quo
428 2326 556 2392 ..velli
576 2328 664 2390 nullo
687 2350 783 2411 quum
806 2338 918 2409 posset
941 2329 1037 2393 modo
1359 2350 1360 2428 (

304 2432 350 2496 Et
371 2431 402 2496 in
425 2432 574 2514 sepulcro
597 2432 710 2516 lugens
732 2430 829 2493 vitam
853 2434 1005 2516 degeret,

305 2534 435 2601 Claram
457 2546 626 2618 assequuta
648 2548 696 2598 est
716 2536 833 2599 lamam
856 2547 961 2598 castae
983 2534 1130 2620 virginis.
1294 2538 1310 2600 5

304 2639 432 2702 Interea
453 2639 561 2703 sanum
584 2637 639 2722 qui
661 2637 871 2720 compilarant
892 2637 1002 2715 Iovis,
1039 2643 1045 2659 '

305 2740 407 2807 Cruci
428 2743 534 2806 suffixi
554 2743 683 2806 luerunt
703 2762 825 2823 poenas
847 2740 979 2805 numini.

250 2916 254 2922 ,
305 2847 433 2909 Horum
456 2845 608 2929 'reliquias
631 2865 669 2907 ne
692 2845 762 2929 quis
785 2856 896 2928 posset
917 2847 1050 2926 tollere,

305 2947 467 3014 Custodes
489 2947 604 3012 dantsu·
626 2947 740 3011 milites
762 2951 954 3014 cadaverum

304 3054 550 3118 Monumentum
572 3052 680 3129 iuxta,
706 3051 820 3115 mulier
842 3073 907 3137 quo
930 3074 964 3116 se
985 3053 1169 3128 incluserat.
1273 3059 1309 3120 10

253 3199 257 3204 ,
303 3155 489 3238 Aliquando
510 3156 619 3220 sitiens
641 3177 722 3219 sinus
745 3158 783 3218 de
806 3157 993 3220 custodibus

303 3252 432 3343 A'qum
455 3260 584 3345 rogavit
608 3259 705 3322 media
729 3270 824 3324 noete
847 3260 1040 3335 ancillulam,

306 3365 397 3447 Quae
419 3363 506 3428 sorte
528 3365 674 3429 dominae
699 3376 774 3430 tunc
795 3365 968 3428 adsistebat
989 3387 1083 3443 suae,

316 3586 319 3598 ¹
354 3587 415 3632 l’us.
435 3584 506 3630 Xlll.
544 3583 581 3642 (2)
599 3596 638 3634 co
655 3587 804 3648 tentavitque
820 3588 849 3633 B.
871 3586 901 3632 Z.
923 3597 955 3630 =
976 3593 1000 3632 ct
1017 3589 1122 3633 tentavit
1139 3590 1160 3634 l.
1182 3590 1211 3636 C.
1232 3590 1309 3648 (l)-

304 3652 373 3700 Male
393 3657 471 3701 cessit
490 3653 569 3710 milti,
587 3659 624 3701 cit
640 3657 670 3701 B.
690 3672 719 3702 ne
738 3671 754 3700 a
773 3658 797 3702 in
816 3656 1188 3718 quiaproducatuc.0013slla
1199 3676 1243 3707 res
1264 3678 1312 3708 mc·

305 3723 438 3772 hercules!
457 3725 508 3771 Sed
525 3727 591 3770 male
610 3732 656 3772 cet.
677 3727 698 3771 1.

357 3798 416 3841 Fas.
436 3797 508 3841 xlv.
545 3796 582 3852 (t)
603 3817 631 3829 -
652 3795 715 3842 Ante
737 3796 832 3856 aliquot
847 3810 928 3841 annos
947 3796 976 3841 B.
997 3798 1043 3843 Sed
1059 3800 1148 3858 iunge:
1175 3801 1262 3846 amisit
1278 3804 1310 3846 si·

305 3879 363 3910 rum
380 3866 499 3912 dilectum
516 3881 564 3924 per
583 3868 677 3928 aliquot
696 3880 786 3912 annos.
830 3864 866 3922 (3)
884 3876 922 3915 w
939 3865 960 3911 Α
978 3882 1025 3927 quo
1040 3871 1127 3914 recelli
1145 3871 1165 3914 l.
1186 3872 1217 3917 Z.
1236 3881 1274 3918 mo
1291 3869 1310 3916 Α

305 3949 352 3995 quo
370 3936 498 3982 dicente.
535 3934 590 3995 (15)
608 3937 822 3996 &produxerat
836 3938 866 3985 B.
912 3935 965 3992 (ll)
983 3936 1167 3997 wscdsacie
1188 3940 1209 3986 l.
1229 3941 1257 3984 G.
1279 3943 1308 3986 Z.

305 4004 359 4064 (19)
376 4017 416 4056 ω
437 4005 470 4052 m
494 4008 577 4054 uritur
596 4009 692 4054 sensim
714 4007 848 4068 impudens
871 4007 988 4067 cupidine
1012 4009 1041 4056 C.
1070 4010 1100 4056 Z.
1125 4033 1159 4046 -··
1176 4009 1211 4056 Et
1228 4013 1309 4057 utitur
