2796 4746
1012 351 1052 414 15

64 512 103 577 In
124 523 198 598 quo·
216 508 340 575 iactura
360 503 442 571 levis
464 515 528 580 est,
551 525 646 590 quam
667 501 786 566 fortem
807 497 929 572 virum,
1033 555 1035 564 ,

21 617 23 626 ⁴
65 614 129 697 Qui
149 635 225 678 casu
244 611 348 676 victus
369 607 558 674 temeritatis
576 619 609 671 te
630 615 759 692 arguat.
1012 599 1053 662 25

63 716 212 783 Assensit
234 717 378 800 Magnus
399 724 432 777 et
451 710 598 796 permisit
617 707 714 772 militi

62 817 205 886 Prodire
227 828 361 894 contra3
384 814 442 902 qui
459 814 594 878 mirante
616 810 793 884 exercitu,=

63 921 161 990 Dicto
182 920 319 986 celerius
340 916 443 984 hostis
468 914 606 982 abscidit
627 924 724 998 caput

61 1025 250 1111 Victorque
271 1021 381 1088 rediit.
425 1020 489 1085 His
510 1031 587 1084 tunc
609 1015 785 1098 Pompeius
806 1035 922 1099 super:
1066 1077 1068 1082 ,

65 1127 218 1204 Corona,
242 1125 348 1202 miles,
371 1123 518 1211 equidem
538 1134 570 1186 te
595 1123 683 1186 duno
705 1118 827 1195 libens,
1013 1117 1055 1180 50

66 1232 162 1312 Quod
185 1225 358 1294 vindicasti
378 1227 503 1290 laudem
527 1221 667 1290 Romani
683 1219 817 1307 imperi:

69 1333 131 1400 Sed
152 1331 371 1397 exstillescant
392 1329 481 1395 oculi
502 1327 567 1404 sic,
589 1325 712 1413 inquit,
735 1325 813 1402 mei,

67 1439 177 1520 Turpe
200 1434 282 1500 illud
301 1432 428 1499 imitans
447 1431 498 1496 ius
518 1431 686 1494 iurandum
707 1412 835 1505 militie,

66 1539 137 1605 Nisi
156 1550 193 1604 tu
216 1536 375 1603 abstulisti
396 1533 538 1599 sarcinas
559 1553 661 1617 nuper
681 1551 778 1596 meas.

474 1762 573 1823 [ran.
593 1763 641 1824 aa]

236 1885 371 1962 1UNO,
394 1883 550 1952 VENUS
571 1885 635 1950 ET
658 1881 888 1950 GALLINA.

402 2025 552 2082 Adversus
579 2026 717 2080 mulieres.

109 2161 218 2246 Quum
241 2155 418 2224 castitatem
439 2157 523 2222 luno
544 2157 690 2222 laudaret
712 2173 816 2230 suam,

71 2263 181 2331 locum
204 2259 351 2350 agitandi
374 2245 501 2325 causam
524 2281 590 2326 nou
610 2256 753 2343 reppulit
770 2259 899 2332 Venus,

72 2368 264 2454 Nullamque
286 2376 322 2429 ut
342 2365 520 2430 affirmaret
540 2384 610 2429 esse
631 2361 679 2427 illi
700 2379 831 2446 parem,
893 2397 895 2402 -

72 2471 295 2558 Interrogasse
316 2466 365 2534 eic
384 2465 534 2554 gallinam
556 2466 697 2532 dieitur:

72 2571 134 2639 Dic
154 2577 269 2650 sodes,
291 2581 412 2662 quauta
429 2570 536 2656 possis
555 2568 665 2636 satiari
689 2568 781 2636 cibo.
1041 2569 1061 2633 5

72 2675 252 2762 Respondit
269 2673 346 2739 illa:
370 2671 537 2760 Quicquid
558 2673 685 2742 dederis
703 2673 781 2739 eatis
803 2670 885 2751 erit;

75 2777 144 2859 Sic,
166 2791 203 2846 ut
223 2768 389 2846 concedas
405 2775 542 2863 pedihus
562 2775 685 2866 aliquid
704 2776 862 2862 scalpere.

74 2882 124 2948 Ne
143 2883 287 2968 scalpas,
308 2879 434 2969 inquit,
456 2880 533 2946 satis
550 2893 599 2946 eet
619 2879 746 2947 modius
765 2878 893 2946 tritici?

74 2983 190 3065 Plane,
212 2981 318 3050 immo'
332 2983 463 3050 nimium
485 2994 547 3062 eet,
570 2986 628 3050 sed
647 2983 797 3069 permitte
817 2982 975 3067 scalpere.

76 3087 130 3152 Ex
142 3099 235 3167 toto,
256 3109 297 3152 ne
315 3085 394 3174 quid
415 3087 559 3172 scalpas,
581 3086 660 3175 quid
678 3084 865 3153 desideras?
1021 3087 1064 3150 tu
1153 3127 1155 3136 ,

76 3190 158 3256 Tum
176 3189 314 3278 denique
334 3190 389 3256 illa
409 3189 496 3258 lassa
517 3201 568 3256 est
587 3199 719 3288 nauscae
741 3190 878 3256 malum:

78 3402 135 3453 Vct.
154 3401 256 3463 (deep.)
287 3426 321 3439 -
355 3400 524 3450 Iucunditatis
541 3416 647 3450 caueam
663 3403 692 3451 la
706 3403 737 3449 Ζ.
772 3401 890 3462 Equidem
911 3389 1062 3460 consideo,

80 3475 198 3529 quomode
213 3474 253 3520 hic
269 3474 349 3519 lecum
366 3473 455 3520 habeat
470 3472 616 3524 iucunditas
635 3485 679 3531 pro
695 3486 740 3529 ec,
760 3476 823 3532 qued
840 3473 969 3519 manifeste
983 3473 1064 3531 requi·

78 3542 153 3600 ritae,
171 3545 227 3590 scil.
245 3543 309 3589 inco.
345 3541 399 3589 cfr.
417 3557 482 3591 vere.
504 3541 545 3590 1³.
582 3541 647 3589 Inte.
666 3541 786 3603 reppulit]
805 3543 827 3590 l.
846 3544 877 3590 Ζ.
901 3563 936 3578 -
965 3543 1065 3600 repellit

81 3611 136 3658 Vnt.
155 3611 234 3670 Neap.
298 3608 339 3672 (3¹)
356 3637 390 3684 -7
406 3611 580 3680 Neturcmque
598 3609 742 3678 affirmaret
765 3619 793 3658 nt
808 3628 835 3662 e.¹
851 3614 870 3658 ι’.
885 3627 915 3672 p.
934 3611 1064 3669 Erernptar

79 3680 162 3729 nuun.
182 3682 256 3742 (Mihi
273 3683 367 3730 videtur
384 3681 452 3730 meru
469 3684 533 3731 ceni.
553 3685 591 3731 vel
609 3681 756 3738 Burmanni,
783 3686 823 3730 val
839 3683 967 3740 Dorvitlii,
992 3697 1064 3740 quum

82 3749 189 3798 lenuellii
200 3752 274 3799 editio
286 3766 369 3798 mance
380 3753 505 3801 exhibeat:
524 3752 567 3800 Ν.
579 3784 586 3801 .
599 3755 627 3800 l.
640 3767 703 3814 ,que
718 3759 744 3798 ut
752 3749 898 3816 affirmaret
908 3753 976 3806 eece)
987 3753 1017 3798 B.
1033 3753 1062 3797 Z.

83 3817 249 3879 Transpceitto
273 3827 352 3869 tamen
378 3825 443 3869 coni.
462 3829 489 3868 ut
505 3825 603 3870 minime
621 3825 708 3880 placet.
744 3825 821 3880 Vide,
840 3837 870 3869 nc
890 3823 1006 3869 sententia
1025 3837 1064 3868 re·

85 3892 175 3946 quirat:
192 3889 342 3954 Nullamque
355 3899 381 3938 ut
391 3889 535 3955 affirmaret
545 3907 601 3938 eeee
614 3893 665 3940 atet
675 3893 813 3951 imperem,
832 3893 922 3938 nullam
939 3895 1065 3938 mulierem

85 3960 211 4006 castiorem
232 3974 287 4009 esse
308 3963 361 4018 ipsa
377 3963 483 4010 Venere.
545 3960 584 4022 (5)
598 3961 697 4022 poesia]
721 3961 799 4020 Neap.
823 3983 857 3996 -
887 3975 981 4023 peeeee
1006 3963 1064 4008 vat.

86 4025 125 4086 (8)
142 4031 358 4091 ,antiquandam
375 4045 476 4090 prorsus
494 4039 549 4080 sunt
566 4039 616 4079 tum
634 4034 658 4078 in
676 4033 733 4079 vat.
749 4033 831 4082 codiee
848 4038 899 4080 tutn
916 4034 940 4080 in
962 4034 1065 4080 editione
