2768 4750
294 351 356 416 trs
475 345 480 355 ’

292 490 356 569 rit,
381 490 546 566 maximam
577 486 811 556 similitudinem
837 487 1035 554 intercedere
1058 511 1099 554 ex
1125 513 1186 556 uun
1208 503 1300 575 parte

292 594 377 658 inter
398 593 481 660 Cdd.
500 593 732 666 anileensem,
756 592 1023 678 Freibergensem
1039 605 1071 658 et
1087 593 1300 670 Siciliensem,

295 697 350 782 qui
372 701 436 761 duo
468 691 694 779 postremi'ita
715 695 748 759 in
770 694 917 759 omnibus
939 695 1007 760 scre
1029 697 1232 780 conspirant,
1266 709 1303 760 nt

294 800 322 866 si
343 789 453 866 Editio
476 799 629 882 princeps·
646 818 801 881 expressa
816 809 898 878 esset
912 821 929 862 e
944 799 1194 884 Freibergensi‚
1217 802 1302 864 haud

295 906 425 972 multum
449 901 593 965 differret
614 913 682 966 tota
703 901 772 965 eius
792 901 875 966 ratio
898 903 938 965 eb
960 923 1015 978 ea,
1040 901 1134 990 quam
1158 925 1242 968 nunc
1262 905 1302 965 ad

295 1007 493 1074 Siciliensem
516 1015 627 1069 exacte
649 1027 728 1087 prae
743 1025 776 1068 sc
797 1005 880 1079 sert;
905 1027 945 1069 ex
967 1006 1065 1070 ultera
1088 1017 1189 1069 autem
1206 1018 1301 1088 parte

296 1109 475 1174 consimiles
495 1129 574 1172 ‘csse
602 1106 633 1170 in
655 1108 816 1194 plerisque
843 1105 926 1173 Cdd.
958 1110 1006 1184 B,
1029 1110 1079 1185 E,
1112 1110 1156 1172 G.
1179 1109 1303 1172 scilicet

294 1211 631 1299 longeintegriores,
663 1211 723 1274 nisi
746 1213 834 1295 quod
859 1223 969 1274 carent
1001 1210 1213 1298 Prognostic.
1249 1213 1299 1275 ΙΙ.

295 1322 360 1383 vu
380 1318 453 1378 1-
469 1317 523 1378 50.
553 1335 570 1378 n
599 1313 775 1377 Besileensi
805 1327 836 1378 et
858 1316 1024 1379 Puteaucc
1051 1315 1209 1379 servatis:
1232 1327 1301 1376 tum

294 1429 415 1503 septem
426 1416 493 1483 aliis
502 1415 678 1492 versiculis,
694 1437 776 1500 quos
787 1439 804 1480 e
815 1417 991 1482 Basileensi
1004 1417 1123 1500 primus
1135 1417 1298 1502 protraxi.

359 1521 520 1584 internam
554 1531 656 1582 srrtem
688 1519 828 1583 indolem
864 1519 1065 1605 singulorum
1103 1521 1187 1583 banc
1229 1540 1301 1584 esse

260 1675 264 1696 ,
294 1623 459 1711 perspexi.
505 1624 624 1686 Totum
648 1621 795 1685 lectionis
820 1643 921 1706 genus
952 1624 1006 1688 ubi
1033 1635 1181 1706 spectes,
1216 1622 1302 1704 opti·

247 1737 252 1747 ’
294 1749 378 1792 mam
399 1726 483 1789 inter
505 1746 616 1789 omues
637 1726 793 1806 praebent
816 1727 847 1789 G
868 1737 900 1789 et
921 1727 970 1790 E:
999 1726 1096 1790 immo
1119 1738 1193 1790 sunt
1210 1725 1299 1818 loci,

294 1829 353 1896 ubi
378 1827 540 1892 recentior
569 1828 598 1891 E
630 1825 782 1892 devitavit
804 1849 932 1892 errores
955 1829 1019 1894 Cd.
1044 1830 1108 1904 G.;
1141 1850 1211 1892 cum
1234 1849 1301 1912 quo

293 1934 367 2018 ipso
395 1932 426 1995 in
455 1929 602 2013 pluribus
630 1929 723 1992 etism
752 1951 845 2016 qrrnm
869 1934 898 1996 E
919 1932 1027 1996 iacere
1049 1933 1131 1998 solet
1153 1933 1204 2007 B;
1241 1931 1303 1994 nisi

295 2037 385 2122 quod
418 2031 535 2100 alicubi
562 2033 594 2094 in
622 2032 776 2097 Beruensi
805 2030 1010 2117 reperiuntur
1036 2034 1302 2118 interpolationes

264 2166 266 2170 ·
294 2141 336 2204 ab
353 2137 482 2202 bomine
504 2137 680 2200 semidocto
703 2137 889 2219 proiectae,
914 2137 1028 2223 quibus
1046 2137 1141 2200 libcri
1159 2149 1234 2201 sunt
1248 2139 1298 2212 G,

294 2242 340 2308 E.
389 2239 486 2306 Initio
514 2250 618 2307 nutem
635 2239 882 2314 ‚Grammaticus
905 2239 1019 2335 aliquus
1045 2241 1079 2306 in
1102 2241 1300 2326 perlegendo
1375 2227 1376 2232 ἵ

295 2342 383 2410 Cod.
406 2345 450 2407 B.
473 2353 545 2420 ente
566 2329 680 2406 oc'ulos
700 2343 811 2410 habuit
832 2342 987 2410 Codicem
1003 2343 1133 2408 alterius
1147 2343 1299 2420 familiae,
1375 2357 1376 2376 ¹

294 2448 383 2512 cuius
406 2445 594 2510 varietatem
615 2459 720 2532 quum
736 2459 868 2512 enotare
882 2449 1062 2530 coepisset,
1087 2449 1128 2511 ab
1145 2467 1182 2510 ea
1200 2469 1301 2528 opera

294 2550 498 2636 exsequenda
526 2535 618 2613 nimis
639 2550 705 2614 cito
727 2551 897 2616 deterritus
916 2563 966 2616 est
988 2549 1097 2614 nescio
1121 2571 1187 2635 quo
1209 2549 1300 2614 sasti-

291 2650 362 2728 dic.
407 2649 471 2716 Cd.
497 2651 687 2718 Basileensis
707 2655 747 2717 ab
771 2653 920 2736 imperito
944 2654 1050 2718 scriba
1079 2657 1230 2717 exal-atus
1252 2653 1301 2716 in·

294 2753 501 2832 credibilibus
522 2766 619 2839 atque
644 2755 924 2820 innumerabilibus
948 2757 1033 2821 vitiis
1060 2757 1183 2821 obsitus
1205 2767 1300 2842 atque

294 2856 520 2924 omissionibus
541 2857 635 2922 toene
657 2861 867 2940 deturpatus,
900 2871 1005 2924 temen
1033 2861 1121 2924 solus
1142 2859 1299 2923 interdum

294 2971 350 3027 aut
370 2961 468 3044 ipsum
492 2981 599 3024 veram
622 2961 792 3026 lectionem
814 2974 867 3026 aut
889 2963 1051 3028 manifesta
1075 2962 1142 3026 eius
1164 2961 1299 3046 vestigia

288 3062 458 3141 servavit,
481 3063 535 3128 ubi
556 3063 588 3129 in
611 3063 696 3128 Cdd.
720 3065 769 3142 B,
795 3066 844 3141 E,
869 3067 901 3130 G
922 3066 990 3130 sive
1006 3067 1113 3149 potius
1128 3069 1298 3130 eorundem

290 3168 469 3247 archetypo
492 3167 543 3230 vel
565 3188 640 3232 casu
663 3167 832 3232 obliterata
855 3171 908 3232 vel
930 3170 1077 3235 consulto
1100 3172 1139 3231 nb
1156 3168 1298 3250 interpo-

292 3269 398 3334 latore
421 3268 597 3336 deformnts
629 3282 689 3334 est.
740 3272 845 3336 Huius
866 3273 974 3356 igitur·
987 3293 1050 3355 cpe
1071 3273 1156 3336 baud
1177 3292 1296 3354 paucos

292 3373 411 3455 poetae
425 3370 517 3435 locos
534 3395 616 3436 nunc
631 3376 755 3438 demum
767 3373 798 3438 in
815 3375 971 3460 integrum
984 3376 1148 3442 restitutos
1163 3375 1296 3438 videbis.

356 3473 424 3540 Iam
447 3496 542 3562 quuur
566 3475 906 3561 librarius-archetypi
927 3477 1030 3552 illius,
1069 3497 1174 3561 equo
1197 3478 1298 3542 fluxe·

290 3588 367 3642 runt
389 3587 420 3642 et
442 3576 705 3662 Freibergensis,
740 3602 947 3666 quaecunque
977 3583 1098 3644 deinum
1130 3581 1223 3648 huius
1253 3591 1299 3645 est

292 3678 389 3765 origo
401 3701 438 3744 ac
452 3681 554 3762 petria
570 3682 730 3763 primarie,
746 3694 776 3746 et
792 3683 976 3761 Siciliensis,
995 3685 1194 3748 exscriberet
1209 3685 1298 3748 codi-
1376 3707 1377 3720 ἢ

292 3802 360 3846 cem
374 3783 506 3870 aliquem
521 3804 683 3859 rnancum,
709 3787 963 3852 sedsimillimum
979 3787 1190 3862 Basileensis,
1215 3788 1299 3852 vitiis
1376 3781 1377 3798 ²

292 3883 448 3948 interdum
469 3886 588 3950 mederi
613 3899 765 3969 conatus,
789 3883 1118 3977 plerumque'turpem
1131 3911 1200 3954 sese
1216 3891 1300 3954 dedit

293 3987 457 4074 magisque
479 3989 579 4056 etiam
600 3992 765 4076 corrupit,
803 3979 897 4078 quam
926 3994 1107 4060 emendavit
1131 3993 1299 4078 scriptorls
