2796 4746
1025 389 1086 454 287

74 541 109 584 sie
128 529 247 594 explicat:
268 553 384 598 rumpere
395 533 491 604 florum
509 545 600 586 uestem
617 539 807 600 breviloquentia
825 539 914 584 dictum
932 542 969 584 est
990 539 1085 597 utrique

73 611 222 668 antiquitatis
241 612 329 667 populo
348 612 504 656 usitatissima
525 611 582 665 ille,
613 624 673 670 quse
692 612 756 656 idem
774 611 852 664 valet,
879 623 906 654 uc
924 610 945 653 si
969 609 1085 665 scriptum

73 685 138 725 esset
160 679 309 740 rumpendas
325 680 435 745 fioribus
454 677 546 740 fucere
565 687 655 727 restem
683 683 701 726 i.
732 695 755 727 e.
777 680 916 736 rumpendis
937 678 1024 723 florum
1046 693 1085 723 ou-

72 749 166 816 lycibus
187 751 320 805 expandere
346 764 389 807 per
410 755 500 796 terram
522 755 612 796 restem
633 749 779 797 floridam.”
814 753 906 796 Verum
924 747 1023 803 dubito,
1044 763 1086 793 un·

69 833 116 865 nou
136 819 197 865 baec
215 821 358 878 explicatio,
389 822 434 866 etsi
453 823 481 865 ad
506 822 631 867 veritatem
651 824 758 877 proxime
777 821 883 874 accedit,
911 823 991 864 temen
1013 819 1085 864 ulmis

71 891 237 947 sitquaesitu.
283 891 434 946 Simplicius,
458 897 483 936 ut
500 893 605 948 opinor,
632 893 665 935 ita
684 891 827 937 sententiam
852 883 964 944 etpsnre
986 890 1084 934 licebit:
1143 935 1145 942 ,

69 973 200 1016 „erumpe,
238 973 368 1016 prorumpe
393 962 480 1006 borum
510 967 621 1016 vestem,
655 961 693 1006 tec
718 962 798 1006 subito
829 966 855 1005 ut
876 964 970 1004 texatur
996 960 1085 1003 florum

68 1031 170 1074 aestis.”
210 1029 247 1074 Ex
265 1031 376 1075 Aliorum
392 1046 454 1076 coni.
475 1032 646 1076 memorabiles
667 1037 722 1076 suut
741 1033 856 1080 Scriverii
869 1028 947 1074 subde
966 1043 1083 1084 messem,

72 1099 176 1146 Weberi
186 1099 272 1158 ponde
291 1107 397 1156 restem,
425 1102 518 1160 Rigleri
530 1101 607 1147 subde
627 1107 733 1159 nestum
753 1105 828 1146 mirae
846 1105 929 1146 contra
948 1102 1082 1146 Werusdt

74 1191 103 1204 ·-
118 1169 217 1233 florum
235 1183 312 1228 snper
338 1177 363 1214 nt
381 1177 478 1227 exstet,
504 1173 535 1216 V.
551 1173 582 1220 D.
604 1173 628 1216 in
646 1173 716 1216 nnat.
740 1170 840 1218 wolni:
861 1195 894 1204 -
907 1169 1004 1234 florum
1024 1170 1084 1214 uber

70 1246 137 1294 esto,
167 1254 216 1300 ser
240 1240 285 1284 der
308 1237 413 1286 Blnmen
439 1239 652 1303 b'rncbtscboofi;
671 1231 738 1288 'cum
763 1243 827 1287 bintn
853 1243 894 1287 vir
926 1241 1083 1285 admittendo.

70 1306 162 1371 (ibid.)
182 1317 290 1370 quuntus
311 1309 522 1370 Eunue'cumpus
541 1312 589 1372 esti
608 1313 675 1368 Lips.
724 1314 850 1369 Duplicem
875 1312 933 1356 buec
958 1312 1086 1355 admittunt

71 1382 316 1436 interpretationem:
345 1397 448 1438 „rumpe
474 1389 564 1428 vestem
593 1387 629 1429 tot
649 1383 751 1438 florum,
783 1388 840 1442 qoot
863 1383 927 1427 solet
951 1383 1084 1436 producere

20 1491 23 1502 ,
71 1450 154 1497 Euuae
167 1465 265 1508 campus
278 1458 379 1510 quantus
398 1455 472 1499 est:'¹
497 1457 551 1498 aut:
571 1458 609 1507 „et
624 1459 648 1496 tu
667 1467 776 1512 quoqne,
797 1453 880 1508 Eous,
900 1449 1018 1510 profunde
1039 1450 1085 1495 flo-

71 1535 124 1576 res,
146 1527 264 1580 quotquot
281 1523 418 1568 uberrimos
434 1529 488 1592 tuus
502 1537 598 1579 campus
615 1536 690 1568 verno
701 1529 808 1580 tempore
825 1522 968 1568 submittere
984 1521 1086 1566 solet:”

73 1605 131 1650 quae
152 1594 271 1637 sententia
287 1594 348 1638 nibil
368 1594 464 1638 omnino
483 1594 555 1638 babet
572 1594 595 1638 in
617 1608 664 1651 quo
682 1595 804 1646 offendes,
825 1607 896 1652 quum
919 1597 1086 1637 memorentur

73 1663 130 1706 duee
149 1662 321 1708 floridissimae
337 1665 432 1709 Siciliae
451 1665 573 1724 regiones.
611 1663 660 1710 Nec
679 1678 779 1720 prorsus
797 1663 961 1709 necessarium
978 1663 1037 1716 erit,
1061 1665 1087 1706 ut

74 1731 168 1776 sublato
187 1725 339 1800 ἀσυνδέτῳ
359 1735 482 1792 legamus:
502 1732 589 1794 Hybla
598 1734 693 1798 florum
709 1747 796 1792 rumpe
811 1738 916 1787 restem,
937 1737 960 1776 et
977 1737 1086 1792 quantur

74 1799 161 1846 Eunus
178 1817 284 1861 campus
302 1810 356 1859 est,
389 1806 471 1850 itidem
489 1818 571 1860 rumpe
591 1805 679 1850 florum
702 1809 801 1850 vestem.
854 1803 904 1847 Nec
925 1807 1003 1847 tameo
1025 1804 1086 1847 adeo

75 1873 184 1930 equidem
212 1868 333 1918 bneserim
354 1876 378 1918 in
406 1876 488 1930 priore
517 1876 630 1931 ratione,
662 1880 687 1920 ut
707 1880 835 1930 propterea
855 1886 909 1918 cnm
931 1873 1043 1916 Schulzio
1062 1877 1088 1916 et

74 1943 146 1987 datin
170 1943 309 2000 praeferam
326 1945 420 1989 Aetnne
444 1959 569 2002 campum.
607 1946 683 1991 lrnmo
705 1947 775 2004 longe
799 1944 948 2004 frequentius
969 1941 1043 1987 Enna
1061 1943 1086 1987 io

75 2012 178 2058 Aetnam
199 2015 362 2070 corrumpitur
380 2029 450 2072 quum
468 2021 570 2072 coutre;
591 2018 662 2061 veluti
679 2017 759 2059 statim
775 2017 798 2059 iu
818 2017 890 2068 loco,
911 2015 973 2070 qnod
994 2015 1084 2067 sciam,

76 2083 103 2126 ab
120 2083 295 2139 lolerpretibus
315 2086 419 2129 nondum
436 2087 508 2129 eltuto
524 2086 753 2130 Pseudoaristotelis
772 2084 869 2129 Mirub.
889 2083 1004 2128 Auscult.
1025 2084 1086 2140 Cep.

78 2149 118 2198 83·
139 2167 162 2209 u.
185 2151 245 2198 166·
266 2155 364 2200 Reclon.
402 2153 435 2204 ἐν
454 2153 490 2224 τῇ
515 2153 634 2222 Σικελίᾳ
654 2151 691 2224 τῇ
710 2151 880 2222 καλουμένῃ
907 2148 998 2223 Αἴτνῃ
1022 2154 1086 2210 (syl.

77 2221 146 2282 burg.
177 2224 289 2268 omnibus
314 2225 471 2281 probantibus
489 2217 598 2290 Ἔννη)
627 2218 776 2290 σπήλαιόν
798 2238 828 2274 τι
853 2221 970 2286 λέγεται
995 2217 1086 2282 εἶναι,

77 2286 175 2364 cupid*
196 2289 297 2358 κύκλῳ
315 2295 480 2356 πεφυκέναι
497 2276 574 2355 cpuo‘t
594 2293 656 2345 uir
676 2307 707 2344 rc
726 2287 822 2344 ἄλλων
839 2287 954 2342 ἀνθέων
974 2289 1088 2358 πλῆθος

78 2355 133 2412 ἀνὰ
155 2360 256 2412 πᾶσαν
277 2356 370 2434 oi'puu,
389 2358 463 2413 πολὺ
482 2361 513 2413 at
532 2363 664 2428 uotiuum
684 2361 744 2414 τῶν
765 2359 817 2416 ἴων
835 2357 1004 2432 ἀπέραντόν
1021 2377 1088 2413 τινα

78 2427 169 2482 τόπον
196 2434 301 2491 (uostri:
332 2441 439 2493 quoium
464 2459 473 2470 ·
503 2460 512 2470 ·
536 2437 651 2492 campus)
679 2431 964 2504 συμπεπληρῶόῢαι,
995 2426 1088 2498 ἅτὴν

79 2497 226 2568 σύνεγγυς
251 2498 351 2574 χώραν
382 2497 506 2566 εὐωδίας
533 2503 642 2574 πληροῖ
668 2519 695 2553 ιι.
727 2518 752 2554 ι.
783 2502 808 2552 λ.
844 2505 994 2560 Appuleimo
1017 2518 1086 2548 more

78 2571 157 2618 Eunus
170 2587 280 2628 campum
300 2575 415 2619 describit
430 2575 505 2618 lulius
521 2576 640 2620 Firminus
657 2577 782 2620 Maternus
810 2575 839 2620 G.
861 2571 885 2621 l.
909 2589 933 2631 p.
952 2571 995 2618 31.
1015 2575 1087 2618 Miiu-

79 2648 121 2687 ter.
159 2643 263 2702 Pergus
286 2649 368 2688 entem
385 2645 458 2690 Iocus
475 2645 502 2689 in
522 2643 627 2690 Hennae
644 2645 753 2690 ciuitatis
766 2643 866 2708 sinibus
884 2645 949 2697 sutis
967 2657 1087 2690 urnoenns

82 2715 105 2754 st
117 2719 224 2773 gratus,
254 2715 328 2759 cuius
346 2716 487 2759 amoenitas
506 2729 540 2760 ex
553 2715 648 2778 florum
675 2715 839 2760 serietatibus
858 2715 983 2760 nuscitur.
1021 2715 1087 2762 Num

77 2793 122 2837 per
144 2797 242 2827 omnem
267 2782 361 2828 nnnuin
389 2785 503 2830 uicissim
525 2786 576 2830 sibi
597 2785 787 2831 succedentibus
805 2785 920 2850 floribus
941 2793 1087 2831 coronetur.

79 2847 125 2894 Hic
141 2854 269 2909 inuenies,
302 2853 423 2914 quidquid
444 2853 578 2914 brucintbi
603 2861 689 2916 turget
717 2856 744 2900 in
770 2857 888 2911 cnulem,·
915 2855 970 2899 illic
990 2868 1088 2901 comum

78 2923 189 2968 nurciesi
206 2926 245 2968 uel
264 2925 329 2984 qnod
343 2939 448 2969 norsum
463 2939 549 2972 rosum
567 2926 675 2984 desuper
689 2928 792 2987 pingiu
819 2927 873 2971 illic
892 2925 964 2969 elbue
978 2923 1087 2971 liederus

76 3003 122 3046 per
141 2999 237 3038 terrum
255 2996 364 3039 molliter
384 3003 490 3052 serpunt
504 3004 529 3041 et
542 3011 599 3041 cum
612 2998 750 3055 purpureis
771 2997 844 3042 violis
862 2996 975 3040 suaviter
993 2997 1087 3042 rubens

80 3073 215 3108 umoraens
233 3064 374 3121 inuenitur,
406 3079 452 3110 nec
470 3081 590 3112 eoronam
616 3068 692 3113 istum
710 3067 768 3110 ulbn
789 3065 910 3111 deserunt
924 3065 991 3112 luta.
1030 3064 1088 3122 (54)

81 3143 187 3192 quaeque
205 3133 287 3194 lucos]
306 3137 497 3181 emendavitiam
515 3137 583 3192 Lips.
620 3137 683 3182 Tum
693 3133 781 3196 sontes
804 3137 939 3182 Scriverius
955 3151 999 3193 pro
1018 3149 1087 3181 mon-

80 3204 125 3245 tes.
162 3201 218 3261 (58)
241 3205 383 3250 recentibus
404 3219 416 3249 e
435 3203 500 3252 coniJ
520 3207 615 3252 Pithoei
645 3212 670 3252 et
696 3207 824 3265 Sallustii3
851 3207 902 3261 (bic
921 3208 1011 3254 edidit:
1042 3205 1088 3251 Ex

81 3273 219 3319 recentibus
234 3288 278 3330 pro
294 3274 326 3320 Et
342 3276 508 3336 rigentibus.)
526 3278 558 3322 Ut
575 3291 636 3322 uunc
655 3283 710 3322 suut
721 3277 808 3332 verbs,
828 3278 950 3323 artissime
968 3278 1087 3336 iungenda

82 3347 134 3384 suut
150 3357 203 3390 cunr
224 3347 370 3400 praecede:
390 3351 434 3400 „et
455 3349 587 3406 quicunque
603 3347 701 3403 arusbit,
721 3362 774 3393 cras
788 3352 853 3393 texat
869 3348 1007 3393 ntnbraeula
1020 3349 1088 3392 flori·

82 3409 116 3454 dis
142 3417 278 3460 eremis.”
312 3416 362 3462 Nec
388 3423 533 3474 propterea,
566 3420 628 3478 quod
653 3419 677 3462 in
707 3419 808 3476 reliquis
832 3430 916 3463 versus
934 3418 1088 3464 intercalaris
1116 3449 1118 3454 ·

82 3481 145 3524 uultu
164 3485 252 3544 ligetur
270 3486 363 3531 viuculo
379 3499 431 3533 cum
451 3489 496 3542 iis,
516 3488 555 3546 qui
574 3490 675 3534 eundem
694 3489 831 3544 excipiunt,
852 3492 881 3534 acl
902 3491 1010 3548 regulam
1026 3490 1087 3532 adeo

82 3561 188 3598 severum
216 3557 312 3616 exigere
338 3558 451 3602 debemus
478 3558 579 3604 liberius
597 3559 642 3604 boc
660 3561 760 3615 potinus,
790 3563 815 3602 ut
839 3560 946 3604 dicamus
968 3571 1088 3617 uunquam

81 3617 185 3668 futurum
201 3626 290 3680 fnisse,
323 3631 349 3670 ut
364 3630 437 3672 semel
458 3629 516 3672 illud
539 3629 584 3674 eibi
604 3631 746 3675 concederet
765 3629 880 3685 scriptor.
918 3630 995 3674 lmmo
1014 3641 1090 3686 quum

9 3725 10 3728 ,
82 3687 137 3734 baec
152 3707 244 3754 quoque
262 3697 360 3752 stropho
380 3698 413 3742 sit
426 3713 439 3742 e
454 3699 622 3758 longioribus,
642 3713 727 3754 purum
747 3701 797 3745 veri
817 3700 895 3744 simile
912 3705 951 3745 cst
968 3700 1086 3745 excidisse

83 3751 118 3803 hle
137 3778 206 3809 unum
225 3771 266 3810 ent
283 3768 385 3812 alterum
399 3769 558 3814 uersiculum.
595 3770 679 3829 lligler
693 3771 807 3815 volebat:
828 3789 863 3803 -·
882 3767 931 3814 Ver
945 3769 1088 3814 recentibus

82 3828 187 3880 virentes
204 3836 274 3881 ducit
288 3836 391 3881 umbras
403 3837 523 3901 floribus.
562 3837 618 3898 (59)
638 3841 716 3898 Quum
734 3841 821 3885 melior
841 3841 902 3885 Cod.
924 3841 1027 3887 Salmasl
1045 3840 1087 3884 ha·

83 3895 134 3944 best
147 3919 192 3962 quo
212 3908 290 3950 iama
314 3907 397 3962 Lipsio
415 3911 583 3964 propositum,
603 3924 650 3954 non
671 3915 708 3955 est
730 3924 773 3954 cnr
794 3911 957 3965 praeferamus
976 3923 1088 3956 errorem

84 3967 125 4014 Cd.
141 3975 204 4020 Pith.
226 3978 363 4036 quinatnm
382 3991 410 4023 ex
429 3982 648 4026 accommodatione
671 3982 699 4024 ad
720 3993 757 4024 vv.
777 3993 845 4038 seqq.
861 3981 964 4038 primus
989 3979 1085 4025 uetbcr.

86 4038 135 4096 (60)
152 4048 245 4093 creauit
265 4063 278 4092 e
302 4048 365 4095 Cod.
384 4049 495 4096 Salmasii
514 4063 566 4096 cum
590 4050 688 4111 nigreto
710 4051 812 4110 aliisque
830 4051 933 4110 praetuli
955 4051 1000 4098 Cd.
1019 4049 1085 4103 Pitb.
