2788 4772
1095 343 1135 402 ll

128 499 173 552 qne
188 479 226 550 je
245 484 327 532 viem
345 477 380 531 de
398 478 459 532 dire
480 478 585 534 de'truit
597 493 643 530 ces
655 477 836 552 attentioris.)
875 479 942 548 „On
961 481 996 532 ltr
1012 497 1046 532 cn
1060 483 1134 533 tere:

33 633 36 644 Δ
127 575 292 650 impressus
313 582 359 628 est
377 573 434 628 iste
455 581 561 627 auctor
581 587 637 646 ope
658 570 745 628 huius
760 571 969 646 exemplaris.''
1010 573 1077 626 Cela
1091 583 1134 627 eet

126 674 204 736 orat,
223 675 254 719 et
272 668 296 720 tl
311 668 383 719 n'est
399 683 455 738 pas
474 670 565 720 moins
586 670 721 737 oratque
739 667 1135 738 celuiquiadcritccsmots

124 761 190 813 r'est
209 762 331 833 trompd.

185 910 248 976 Usi
269 910 368 995 igitur
394 921 467 974 snnt
490 909 575 975 Cod.
605 909 757 974 Remensi
782 908 943 995 Rigaltins
966 931 982 972 e
1006 910 1132 974 schedis

126 1014 305 1090 sirmondi,
330 1013 454 1078 Gudius
475 1013 559 1097 ipse,
584 1013 795 1090 Vincentius,
819 1012 909 1076 cuins
931 1013 1133 1077 collationem

125 1129 273 1180 accnrate
292 1117 483 1199 descriptam
508 1116 672 1181 contextui
692 1115 778 1181 Cod.
801 1115 970 1180 Pithoeani
993 1116 1135 1198 praemi-

126 1219 166 1283 sit
188 1223 334 1306 Bet-ger,
360 1220 496 1304 denique
518 1219 699 1284 Brotisrins
720 1241 738 1283 e
757 1219 880 1282 schedis
895 1217 1035 1282 eiusdem
1050 1219 1135 1284 Vin·

124 1324 231 1388 centii.
272 1327 334 1388 Sed
349 1324 379 1386 in
392 1323 441 1386 his
456 1324 605 1389 nonnulla
616 1335 707 1399 sunt,
725 1343 806 1406 qnae
817 1343 882 1388 non
895 1333 1005 1386 carent
1020 1343 1134 1404 repre·

124 1427 292 1490 honsione.
315 1427 400 1492 Ante
414 1426 516 1490 omnia
531 1427 700 1490 dolendum
713 1447 787 1488 sanc
806 1437 854 1488 est
867 1428 1035 1490 obscuram
1046 1426 1132 1490 illam

125 1541 154 1592 et
175 1530 206 1592 in
226 1551 402 1612 puerorum
420 1551 511 1592 usum
533 1521 702 1591 mutilatam
723 1527 904 1593 Editionem
920 1526 1133 1593 Porisiensem
1212 1507 1217 1528 i

125 1634 207 1713 ipud
220 1632 347 1696 viduam
357 1633 481 1696 Brocas
492 1632 573 1694 1713
586 1634 625 1692 ab
638 1652 677 1694 eo
687 1653 765 1712 prae
778 1629 908 1694 meliore
923 1630 1026 1714 aliqua
1042 1643 1074 1694 ct
1084 1630 1134 1694 in·
1164 1638 1166 1644 '

125 1745 213 1818 tegra
230 1735 383 1798 delectam
397 1754 486 1809 esse,
504 1755 637 1817 quacum
651 1735 855 1796 contenderet
870 1732 1010 1798 codicem
1028 1755 1132 1798 suum.

126 1837 207 1900 Hinc
230 1837 440 1910 factumest,
468 1845 519 1910 nt,
545 1857 640 1918 qnum
665 1857 704 1898 ne
726 1819 852 1918 Bergcr
878 1836 1004 1921 quidem
1028 1837 1058 1899 in
1083 1838 1134 1900 lo-

126 1938 168 2000 cis
198 1940 312 2003 saltem
342 1936 546 2022 gravioribus
570 1938 735 2015 retulerit,
768 1961 933 2024 quamnam
962 1939 1132 2003 lectionem

128 2040 321 2124 expresserit
342 2039 438 2102 editio
465 2040 517 2102 illa
543 2040 748 2117 Parisiensis,
773 2063 832 2104 nec
847 2063 927 2104 vero
947 2041 1039 2105 nobis
1064 2063 1131 2109 eam

130 2146 294 2208 consulere
313 2142 463 2217 licuerit,
500 2144 681 2208 necessario
698 2144 812 2207 incerti
832 2144 987 2208 interdum
1005 2166 1131 2208 reman-

126 2247 256 2310 serimus
276 2248 313 2308 dc
338 2245 477 2308 lectione
499 2244 562 2309 Cd.
576 2247 763 2310 Remensis.
807 2248 980 2311 Praeterea
999 2268 1131 2328 compn-

125 2361 188 2413 rata
208 2369 307 2433 qnnm
332 2349 484 2410 varietate
510 2369 527 2409 a
559 2349 665 2413 Gudio
697 2361 845 2424 enotata,
880 2360 947 2412 tum
970 2349 1131 2416 simillimo

124 2450 246 2516 Codiec
270 2450 469 2525 Pithoeano,
493 2449 632 2513 dubitari
656 2451 784 2536 nequit,
821 2450 895 2536 quin
922 2453 1006 2514 hand
1030 2475 1131 2535 pauca

125 2557 190 2633 vel,
231 2555 306 2638 quin
337 2551 428 2615 nimis
463 2553 577 2616 vitiosa
615 2553 676 2615 sibi
710 2554 916 2631 viderentur,
954 2556 1006 2618 vel
1037 2556 1131 2620 etiam

124 2653 273 2751 ἃβλεψίᾳ
296 2655 440 2719 omiserit
473 2657 585 2720 doctus
607 2655 661 2718 ille
684 2657 920 2722 Benedictinns.
979 2659 1131 2742 Exempli

125 2760 227 2844 gratia
260 2780 325 2822 non
351 2758 529 2840 reperimus
561 2757 593 2821 in
623 2759 785 2824 Vincentii
820 2760 951 2824 Schedis
978 2762 1132 2826 lectiones

125 2864 231 2929 Gndio
253 2873 442 2924 memoratas
464 2862 541 2925 Lib.
564 2862 595 2925 Ι.
619 2865 660 2926 F.
689 2864 741 2926 tt.
765 2885 799 2928 v.
836 2866 888 2928 11.
924 2865 1048 2940 Urium
1070 2866 1129 2942 15,

125 2967 156 3029 9.
178 2987 295 3038 senem
326 2965 385 3039 17,
420 2964 452 3026 3.
475 2986 553 3028 cum
579 2967 777 3041 mendasse;
813 2968 871 3043 18,
910 2968 942 3030 3.
979 2968 1130 3052 gemitus

124 3070 299 3142 conciens3
337 3069 395 3143 27,
431 3067 464 3129 3.
493 3055 736 3144 thensaurum,
768 3081 832 3133 cet.
876 3072 1048 3135 Praeterea
1072 3071 1130 3133 mi-

123 3192 175 3235 rae
194 3169 408 3255 negligentiae
428 3170 551 3252 culpam
571 3170 602 3232 in
622 3192 655 3233 se
681 3171 804 3236 admisit
825 3174 910 3236 hand
932 3174 1129 3237 conterendo

124 3274 241 3338 codicis
260 3272 499 3356 initiumnsqne
518 3274 558 3335 ad
577 3273 653 3336 Lib.
678 3277 705 3338 l.
730 3276 812 3338 Fan.
838 3277 869 3337 2.
893 3299 926 3338 v.
949 3277 1001 3340 11.
1046 3279 1129 3340 Nam

123 3376 152 3440 in
185 3379 249 3440 hoc
277 3397 340 3440 non
368 3375 399 3438 in
421 3400 454 3440 v.
480 3377 550 3454 12,
584 3361 690 3438 ntait
716 3378 829 3456 Adry,
864 3378 973 3460 incipit
996 3378 1127 3442 collatio

123 3479 346 3550 vincentiana.
390 3481 540 3542 Attamen
569 3502 586 3542 e
618 3479 761 3564 Rigaltio
792 3491 824 3542 et
855 3481 979 3558 Gudio,
1010 3482 1124 3564 quibus

122 3582 301 3647 Brotierius
319 3583 349 3645 in
366 3581 423 3656 iis,
442 3603 522 3664 eptae
541 3586 733 3663 praecedunt
752 3584 788 3656 I,
813 3585 850 3659 2,
877 3587 951 3660 11„
981 3607 1056 3646 usus
1075 3582 1126 3646 vi·

125 3687 232 3763 detur,
258 3685 464 3747 innotuerunt
491 3688 550 3748 hae
572 3707 629 3748 sex
653 3688 746 3749 Rem.
768 3686 832 3751 Cd.
857 3689 1028 3752 lectiones:
1113 3749 1117 3759 ,

181 3790 323 3872 Prolog.
361 3809 395 3849 v.
427 3789 459 3851 3.
494 3790 557 3853 dos
593 3792 686 3868 (teste
720 3789 814 3874 Rig.)
848 3792 930 3854 Fab.
967 3793 997 3852 1.
1034 3814 1065 3854 v.
1090 3791 1123 3854 3.

111 3889 225 3980 forme
255 3892 413 3974 improba
435 3894 527 3970 (teste
550 3894 642 3976 Rig.)
667 3916 696 3958 v.
721 3895 751 3956 7.
776 3893 892 3976 pneris
913 3895 1006 3973 (teste
1034 3896 1122 3958 Gud.

122 3993 227 4081 sicque
253 3994 316 4059 Cd.
349 3994 454 4073 Pith.)
492 3997 578 4060 Fob.
603 3997 634 4058 2.
670 4019 703 4060 v.
744 3997 775 4060 1.
826 3997 892 4060 Hic
914 4003 1008 4076 (teste
1034 3999 1121 4076 Gnd.
