2788 4772
304 305 345 368 58

302 446 428 529 Magno
450 442 481 504 iu
504 442 627 523 periclo
652 439 715 502 vita
739 451 883 501 vertetur
903 448 969 502 tua.

302 549 395 610 Haec
416 547 498 609 inter
519 546 586 625 ipse
609 543 754 606 dominus
777 563 794 603 a
817 563 893 604 cena
916 542 999 606 redit

302 653 364 725 Et,
389 650 462 733 quia
486 658 657 728 corruptos
680 644 805 708 viderat
826 666 928 726 nuper
950 647 1073 722 boves,

301 754 437 818 Accedit
460 753 498 812 ad
520 769 694 830 praesepe:
720 745 789 811 Cur
809 747 933 822 frondis
955 768 1065 828 parum
1089 760 1154 824 est,

303 859 482 919 Stramenta
506 851 642 920 desunt?
665 851 798 914 Tollere
820 852 902 914 haec
924 872 1038 914 aranea
1219 842 1223 849 ’

303 961 460 1039 Quantum
485 969 533 1019 est
552 953 698 1018 laboris?
725 953 811 1016 Dum
833 965 995 1018 sertrtatur
1017 953 1160 1040 singula,

304 1061 403 1127 Cervi
424 1081 552 1145 quoque
576 1059 638 1120 alta
661 1055 864 1138 conspicatur
886 1077 1027 1122 cornua:
1262 1060 1300 1123 2⁵

302 1166 406 1245 Quem
428 1173 604 1226 convocata
626 1160 716 1222 iubet
736 1158 839 1224 occidi
858 1159 977 1223 familia

302 1269 522 1347 Praedamque
544 1262 643 1327 tollit.
686 1263 778 1326 Haec
798 1261 959 1347 significat
978 1263 1101 1344 rabida,

301 1369 473 1435 Dominum
496 1366 607 1431 videre
628 1364 797 1449 plurimum
818 1365 852 1430 in
871 1369 970 1431 rebus
991 1365 1070 1432 auis.

762 1587 843 1650 [tm]

693 1735 901 1802 AUCTOR.

300 1881 424 1962 Aesopi
446 1878 576 1963 ingenio
598 1887 731 1944 statuam
755 1898 894 1958 posuere
915 1866 1021 1942 Attici

300 1987 499 2067 Servumque
522 1981 721 2046 collocarunt
742 1991 871 2056 aeterua
893 1980 925 2044 in
947 1982 1036 2046 basia

299 2090 417 2162 Patere
439 2085 557 2150 honori
577 2083 698 2147 scirent
718 2094 754 2145 nt
775 2085 878 2147 ctmcti
900 2084 982 2148 viam

297 2192 371 2254 Nec
392 2187 500 2272 generi
520 2186 637 2264 tribui,
662 2189 718 2250 sed
740 2185 851 2252 virtuti
872 2187 1022 2270 gloriam.

299 2293 457 2373 Quoniam
482 2301 655 2372 occuparat
676 2290 775 2365 alter,
800 2311 838 2352 ue
860 2288 981 2372 primus
1002 2291 1128 2366 farem,
1284 2294 1302 2356 5

298 2399 349 2460 Ne
371 2398 460 2458 solus
484 2406 585 2472 esset,
610 2392 733 2467 studui;
757 2395 846 2475 quod
867 2391 1045 2476 superfuit:

226 2571 228 2576 ,
297 2501 369 2563 Nee
390 2501 469 2561 haec
490 2495 626 2572 invidia,
650 2517 762 2560 verum
785 2508 834 2558 est
856 2495 1037 2560 aemulatio.
1138 2581 1140 2586 Ι

299 2603 396 2681 Quod
417 2601 443 2664 si
465 2599 571 2664 labori
591 2598 709 2662 faverit
731 2599 860 2661 Latium
883 2619 974 2673 meo,

297 2705 414 2794 Plures
436 2703 584 2777 habebit,
609 2721 691 2783 utros
713 2713 858 2782 opponat
880 2701 1048 2767 Graeciae.

235 2793 243 2799 ’
298 2806 332 2870 Si
353 2807 440 2871 livor
463 2807 646 2871 obtrectare
669 2825 777 2866 curam
800 2805 962 2884 voluerit,
1265 2811 1304 2872 10

296 3043 356 3103 (23)
384 3047 445 3090 Post
470 3043 560 3088 derunt
584 3044 701 3103 interrog.
728 3045 823 3104 siguum
844 3045 932 3090 habeut
958 3061 981 3101 p.
1008 3047 1033 3090 S.
1053 3047 1127 3107 Bcrg.
1152 3069 1183 3084 -
1200 3048 1299 3110 detaut.

297 3116 397 3161 Tollere
415 3115 516 3158 lanuell.
536 3115 599 3158 Zell.
637 3111 695 3172 (25)
714 3115 767 3159 alta
784 3113 955 3174 compicutur]
975 3116 1005 3160 N.
1025 3118 1052 3160 S.
1072 3139 1105 3151 -
1124 3123 1164 3162 aet
1177 3120 1301 3176 ultacou-

296 3187 411 3242 spiratus
433 3184 462 3228 P.
488 3184 519 3231 ll.
545 3207 578 3218 -
601 3185 655 3228 ulta
677 3189 716 3228 eat
740 3187 903 3244 compleatur
927 3200 951 3241 p.
968 3187 1052 3230 Burin.
1096 3186 1153 3242 (27)
1172 3211 1205 3222 -
1223 3188 1301 3234 Prae·

295 3255 402 3314 dumque
418 3255 449 3298 P.
469 3252 516 3311 (-··
533 3251 703 3314 Praedamque
716 3255 794 3310 tollit,
815 3269 889 3315 quam
900 3261 1040 3313 paraverat
1051 3270 1127 3302 carue
1146 3271 1196 3303 om.
1216 3261 1301 3306 ultimo

295 3339 359 3371 vers.
381 3319 428 3380 N.)

346 3395 481 3440 Ertaouus.
519 3392 556 3449 (l)
585 3391 679 3452 Aesopi
701 3391 815 3454 iugenio]
847 3394 877 3442 N.
903 3392 1003 3440 firmans
1028 3394 1099 3440 Gudii
1125 3398 1189 3441 coni.
1213 3398 1241 3442 S.
1267 3417 1302 3432 -

294 3463 388 3522 Aesopi
405 3461 463 3517 (sic)
482 3463 609 3522 ingentem
627 3464 657 3508 R.
677 3489 714 3512 η
728 3463 826 3522 Aesopo
841 3465 968 3523 lugentem
984 3466 1014 3512 P.
1034 3479 1058 3520 p.
1095 3465 1207 3518 „Revera
1226 3467 1249 3510 in
1268 3468 1300 3512 P.

295 3536 389 3580 videtur
406 3534 509 3589 primum
526 3534 617 3578 fuisse:
637 3533 730 3590 Aesopi
747 3535 877 3592 ingenio.'’
913 3535 991 3580 Bato.
1028 3532 1069 3591 (2)
1087 3533 1248 3595 servusque]
1267 3537 1304 3582 Ν.“

295 3617 320 3660 p.
341 3605 366 3652 S.
386 3623 420 3636 -
436 3602 566 3648 Servatum
585 3617 646 3662 quaa
664 3604 694 3648 P.
714 3625 748 3638 —·
766 3605 936 3662 carnalemque
954 3605 985 3650 R.
1022 3601 1113 3665 (lbid.)
1131 3625 1165 3640 -
1183 3612 1302 3652 aeternas

296 3672 352 3721 basi
370 3673 401 3718 N.
438 3670 481 3728 (3)
504 3671 595 3718 honori
613 3698 651 3709 -·
678 3669 774 3730 cuncti]
794 3672 824 3716 N.
850 3672 948 3718 firruaus
967 3675 1047 3720 Bentl.
1071 3677 1135 3720 coni.
1155 3699 1188 3710 -
1206 3673 1304 3722 tomus·

297 3769 306 3780 ·
325 3769 335 3779 ·
353 3744 438 3786 cuncti
454 3744 484 3789 P.
509 3745 539 3788 ll.
565 3742 628 3788 Gud.
653 3762 683 3778 -
706 3741 811 3786 honoria
829 3767 839 3777 ·
858 3743 971 3790 -uuucti
993 3759 1017 3800 p.
1036 3735 1122 3790 Bothe.
1141 3755 1180 3792 oo
1197 3743 1300 3790 denarie

297 3837 307 3850 -
326 3832 335 3845 -
354 3814 451 3858 eunctis
468 3813 569 3858 Praecla.
588 3813 672 3856 Burin.
695 3813 721 3856 S.
747 3811 859 3856 Nostram
884 3801 1132 3870 tantummono}
1159 3820 1203 3868 „ut
1221 3817 1300 3860 cuncti

297 3883 400 3936 scireut,
433 3890 515 3940 patere
538 3883 623 3934 tetiam
647 3879 747 3934 influus)
773 3883 835 3925 viam
860 3883 889 3926 ad
912 3883 1054 3930 houorunr.”
1089 3881 1130 3940 (ll
1148 3907 1181 3920 -
1199 3886 1301 3944 ganarit

288 3941 368 4016 ‘Ppa
389 3965 431 4013 pr.
455 3968 489 4002 ru.
512 3973 546 3990 -
568 3964 661 4020 genere
679 3965 704 4010 ς.
740 3949 839 4015 Reliqua
858 3952 927 4001 huius
945 3955 1034 4016 epilogi
1053 3968 1102 4000 om.
1123 3952 1153 4002 N.
1190 3950 1232 4017 (5)
1251 3953 1299 4006 lio·
