2788 4772
96 524 283 590 Clamorem
304 523 411 590 subito
432 523 517 591 tollit
537 523 615 590 totis
635 524 759 590 viribus

93 631 263 706 Novoque
282 630 390 693 turbat
411 628 528 692 bestias
550 626 718 694 miraculo.

93 730 184 811 Quae
207 733 281 794 dum
303 742 457 814 paventes
479 731 584 794 exitus
606 743 701 796 notos
722 742 853 816 petunt,

90 833 216 898 Leonis
241 834 427 920 affliguntur
448 836 612 898 horrendo
634 834 767 915 impetu.
1058 838 1099 902 40

92 936 174 1016 Qui,
198 949 370 1022 postquam
393 935 489 1000 caede
511 937 615 1001 fessus
637 947 705 1015 est,
729 937 850 1010 asinum
873 951 988 1005 evocat

91 1038 253 1124 Iubetque
274 1061 387 1104 vocem
410 1059 568 1122 premere.
614 1042 707 1104 Turne
729 1039 781 1104 ilie
802 1041 962 1107 insolens:

92 1142 205 1220 Qualis
230 1142 357 1207 videtur
379 1163 478 1225 opera
500 1141 559 1207 tibi
581 1143 670 1208 vocis
693 1143 807 1208 meae?

93 1244 254 1330 Insignis,
279 1245 397 1330 inquit,
421 1247 482 1324 sic,
508 1255 541 1309 ut
563 1241 623 1308 nisi
644 1267 770 1310 nossem
793 1257 881 1309 tuum

92 1345 247 1412 Animum
270 1369 453 1433 genusque,
477 1345 569 1412 simili
589 1348 743 1433 fugissem
766 1359 864 1414 metu.
1057 1350 1096 1412 15

498 1548 598 1612 [rsa.
618 1549 696 1612 mu]

344 1697 531 1765 cnuvtts
552 1699 616 1764 AD
640 1697 851 1764 FONTEM.

133 1838 292 1904 Laudatis
312 1838 462 1917 utiliora,
487 1861 567 1923 quae
590 1837 842 1923 contempseris,
907 1869 914 1892 ο

95 1942 194 2025 Saepe
217 1940 374 2020 inveniri,
397 1944 475 2006 baec
496 1942 590 2019 'ferit
611 1942 766 2008 narratio.

130 2045 184 2108 Aa
204 2045 333 2110 fontem
354 2066 488 2121 cervus,
513 2067 608 2128 quum
632 2045 782 2122 bibisset,
805 2043 921 2112 restitit

94 2145 134 2208 Et
153 2147 186 2209 in
208 2148 339 2232 liquore
361 2147 439 2212 vidit
459 2148 595 2233 effigiem
616 2169 718 2212 snam.

93 2247 237 2314 ibidum
259 2269 385 2315 ramosa
407 2251 522 2314 mirans
544 2251 650 2315 laudat
671 2272 793 2317 cornua

94 2348 297 2436 Crurumque
320 2350 445 2416 nimiam
467 2352 650 2418 tenuitatem
674 2352 852 2436 vituperat,
904 2399 906 2419 .

92 2452 277 2520 Venantum
299 2455 409 2521 subito
431 2455 567 2520 vocibus
589 2455 782 2520 conterritus

89 2554 154 2619 Per
175 2578 325 2640 campum
345 2559 460 2644 fugere
482 2540 588 2641 coepit
610 2569 642 2621 et
664 2579 759 2622 cursu
780 2557 844 2622 levi

91 2655 191 2724 Canes
214 2660 323 2724 elusit.
368 2661 456 2728 Silva
478 2673 544 2734 tum
568 2660 697 2742 excepit
717 2659 841 2740 ieram,

88 2759 207 2847 inqua
232 2762 364 2828 retentis
387 2763 554 2847 impeditus
577 2762 729 2828 cornibus

89 2863 243 2932 Lacerari
267 2867 376 2950 coepit
399 2867 558 2932 morsibus
580 2863 685 2932 saevis
708 2887 833 2930 canum.

92 3087 169 3152 meae]
189 3089 293 3134 Salmas.
314 3089 381 3146 qnasi
401 3103 413 3134 e
430 3087 462 3131 D.
483 3087 546 3133 oua.
567 3089 593 3134 S.
614 3113 646 3126 -·-
666 3087 727 3144 Sed,
748 3091 808 3134 teste
826 3089 898 3148 mg„
918 3087 948 3131 D.
969 3087 1019 3131 sie:
1052 3087 1099 3131 tiis·

92 3158 156 3203 soris
186 3174 258 3203 meae
289 3156 386 3203 uidetur
414 3171 501 3214 opera,
549 3158 697 3202 Salinasiaua
730 3159 801 3202 tectio
828 3159 923 3203 videtur
944 3157 1097 3201 coniecturae

94 3223 182 3273 deberi.
204 3227 295 3272 -tttt
311 3225 407 3271 videtur
417 3241 493 3284 opera
509 3227 574 3271 vocis
589 3241 659 3272 ineas
672 3227 702 3272 P.
723 3251 756 3262 ·—
774 3241 852 3288 opera
867 3227 913 3271 tibi
921 3223 1018 3270 videtui·
1030 3228 1098 3270 cocis

94 3307 160 3340 aneae
177 3299 208 3344 u.
227 3307 267 3344 eto
283 3297 331 3340 tibi
354 3296 451 3342 videtur
472 3309 549 3356 opera
573 3295 634 3342 isaer
661 3297 728 3340 sacis
753 3310 823 3342 meae
841 3311 865 3354 p.
885 3319 916 3332 --
936 3294 1033 3340 sidetar
1052 3295 1099 3340 tiis*

92 3377 167 3422 opera
184 3366 247 3412 baec
263 3367 331 3412 vocis
346 3380 416 3410 meae
433 3365 508 3414 Desb.
524 3365 586 3412 zett.
601 3365 669 3424 quasi
681 3379 694 3411 e
707 3365 768 3410 Cdd.
782 3367 812 3412 P.
827 3372 850 3412 et
863 3366 909 3422 ἧς
929 3367 970 3410 sed
987 3363 1017 3410 ab
1030 3369 1098 3410 utro·
1179 3371 1181 3394 ¹

93 3447 135 3493 que
153 3435 222 3482 abest
239 3433 300 3482 baec
319 3441 343 3483 et
361 3435 469 3482 diversus
487 3441 524 3481 ast
547 3436 606 3482 ordo
626 3449 664 3485 vv.
701 3431 758 3496 (15)
769 3433 901 3500 fugissem
924 3433 1001 3496 meta]
1019 3435 1051 3485 D.
1069 3435 1095 3479 s.

93 3525 124 3538 -·
134 3501 248 3564 satissem
267 3508 294 3552 in
311 3512 377 3550 meta
396 3505 425 3550 P.
445 3519 468 3562 p.

141 3575 200 3622 Fre.
222 3575 281 3619 xil.
318 3573 356 3633 (t.
383 3573 422 3633 2.)
441 3572 502 3618 baec
525 3571 585 3633 erit]
603 3575 643 3620 Sis
662 3577 773 3632 corrupte
792 3576 822 3621 P.
841 3573 872 3618 R.
892 3571 943 3630 (bie
967 3577 1027 3618 teste
1047 3571 1097 3616 Gu-

92 3639 151 3702 ὖίο.)
169 3669 202 3684 -·
220 3643 282 3689 baec
300 3645 398 3690 exserit
416 3659 439 3704 p.
460 3645 523 3690 coni.
544 3645 570 3688 S.
590 3647 689 3690 exserit
706 3658 762 3690 sane
781 3646 825 3690 boc
843 3642 977 3704 significatu
999 3657 1013 3685 a
1030 3641 1096 3686 Lati-

92 3709 161 3758 nitate
178 3716 301 3763 nbhorret.
337 3715 447 3762 Debebat
473 3728 526 3759 esse
551 3711 636 3760 edocet
658 3715 695 3759 vei
726 3715 771 3760 tale
797 3715 860 3774 quid.
881 3737 913 3747 -
933 3711 1012 3768 Saepe
1040 3725 1097 3756 esse

93 3782 205 3840 utiliora,
237 3797 299 3844 puae
324 3784 504 3842 contempseris
528 3781 592 3828 Eius
616 3785 688 3840 (teste
714 3784 784 3843 tuga
815 3784 899 3827 eiusce
918 3785 977 3826 teste
996 3781 1096 3826 Heinsio

92 3854 149 3903 apud
170 3854 269 3908 Sabett'.)
289 3854 328 3897 rei
346 3854 418 3897 testis
436 3851 497 3900 itaer
515 3853 633 3898 narratio
659 3859 697 3898 est
714 3853 745 3897 D.
765 3849 899 3918 ἀμέτρως
921 3856 958 3906 et,
989 3855 1014 3893 ut
1031 3851 1096 3898 vida·

92 3920 144 3975 tur,
163 3924 192 3967 ab
210 3923 392 3980 interpolatore.
413 3923 519 3980 Utraque
539 3923 698 3972 lect.conflata
719 3924 813 3970 uenit:
834 3919 957 3968 Laudatis
973 3920 1094 3973 utiliora,

92 4000 150 4043 qaae
164 3992 343 4051 contempseris
356 3991 435 4051 Saepe
448 3993 556 4038 inveniri
568 3993 639 4037 testis
651 3985 712 4044 baie
730 3994 846 4054 narratio
858 3995 904 4036 est.
925 3987 960 4044 (i)
974 3987 1094 4052 effigiem]

93 4055 236 4122 -sagiem
253 4064 284 4109 D.
304 4067 363 4110 teste
384 4059 491 4108 Heinsio.
530 4061 584 4120 (12)
603 4061 760 4110 voceminauc
781 4059 904 4120 edidisse]
924 4059 953 4105 Ρ.
974 4061 1002 4108 R.
1023 4074 1046 4115 p.
1067 4060 1094 4103 S.
