2788 4772
75 529 284 612 Romamque
306 539 532 610 pertraxerunt
555 529 594 591 ad
616 529 841 590 centumviros.

74 632 229 714 Maligna
251 630 408 694 insontem
432 631 578 712 deprimit
600 629 758 711 suspicio,

75 735 176 813 Quod
199 735 286 797 bona
309 731 483 814 possideat.
528 735 618 796 Stant
640 731 766 814 patroni
788 731 917 797 sortiter

75 835 221 901 Causam
245 847 369 900 tuentes
390 833 566 900 innocentis
588 832 736 898 feminae.
778 858 783 868 ’

118 939 152 1002 Α
176 938 270 1003 Divo
292 941 443 1022 Augusto
465 948 540 1000 tunc
562 937 683 1019 petiere
704 936 845 1016 iudices,

29 1111 31 1118 ,
76 1043 122 1106 Ut
144 1042 317 1105 adiuvaret
337 1039 415 1104 iuris
439 1041 560 1103 iurandi
581 1041 692 1116 iidem,

78 1146 223 1224 Quando
246 1143 335 1226 ipsos
357 1165 450 1208 error
472 1141 679 1225 implicuisset
702 1141 855 1207 criminis.

78 1247 144 1328 Qui
166 1259 341 1330 postquam
364 1250 513 1310 tenebras
535 1245 664 1328 dispulit
685 1244 857 1310 calumniae

81 1350 286 1435 Certumque
307 1350 427 1414 fontem
451 1349 592 1413 veritatis
613 1347 778 1430 repperit,

78 1455 186 1529 Luat,
212 1452 342 1537 inquit,
362 1473 483 1536 poenas
502 1472 599 1515 eausa
622 1451 754 1514 libertus
778 1451 862 1514 mali.

78 1559 232 1642 Namque
255 1558 367 1620 orbam
389 1567 465 1619 nato
489 1555 578 1619 simul
603 1563 635 1616 et
656 1551 814 1635 privatam
838 1552 910 1619 viro

80 1659 303 1722 Miserandam
325 1657 432 1740 potins
454 1678 545 1740 quam
569 1657 772 1719 damnandam
795 1655 954 1722 existimo.
974 1645 978 1661 '

81 1764 180 1843 Quod
204 1762 233 1826 si
255 1760 358 1825 delata
379 1770 595 1843 perscrutatus
617 1758 747 1822 crimina

81 1863 322 1929 Paterfamilias
346 1873 447 1940 esset,
472 1862 500 1926 si
522 1861 717 1926 mendacium

82 1967 253 2031 Subtiliter
274 1965 429 2042 limasset‚
455 1985 472 2028 a
494 1965 652 2028 radicibus

83 2071 159 2133 Non
183 2068 355 2134 evertisset
376 2068 495 2132 scelere
515 2067 642 2132 lunesto
665 2069 807 2132 domum.
1046 2069 1089 2134 50

124 2173 180 2236 Nil
204 2182 337 2256 spernat
359 2171 459 2247 ainis,
483 2192 540 2236 nec
561 2182 666 2248 tamen
688 2173 796 2234 credat
817 2170 939 2235 statim:

85 2273 354 2359 Quandoquidem
378 2287 408 2338 et
430 2271 475 2336 illi
498 2285 649 2355 peccant,
674 2295 755 2357 quos
778 2272 902 2337 minime
923 2285 1036 2358 putes,

83 2379 127 2441 Et
148 2379 206 2463 qui
228 2399 292 2442 non
315 2388 447 2459 peccant
468 2376 693 2462 impugnantur
714 2374 892 2440 fraudibus.

126 2483 205 2548 Hoe
229 2483 400 2543 admonere
422 2477 582 2561 simplices
604 2481 696 2542 etiam
717 2491 843 2562 potest,

87 2585 252 2666 Opinione
275 2581 403 2645 alterins
425 2603 465 2645 ne
487 2581 563 2665 qnid
583 2584 780 2664 ponderentz

87 2687 233 2752 Ambitio
256 2705 391 2769 namque
413 2683 565 2748 dissidens
586 2683 767 2749 mortalium

88 2791 154 2851 Ant
178 2788 301 2874 gratiae
324 2788 496 2850 subscribit
518 2799 571 2850 aut
592 2787 668 2851 odio
690 2808 762 2851 suo.

87 2891 159 2954 Erit
180 2893 235 2956 illc
257 2900 369 2972 notus,
395 2913 487 2975 quem
510 2912 569 2972 per
591 2903 623 2952 te
645 2887 853 2976 cognoveris.

128 2995 222 3058 Haeo
244 3005 409 3056 exsecutus
431 3014 499 3055 sum
522 3004 696 3074 propterea
717 2993 880 3075 pluribus,
1049 3067 1050 3072 η

90 3095 255 3164 Brevitate
278 3093 371 3159 nimia
393 3095 542 3179 quoniam
566 3098 718 3178 quosdam
741 3095 941 3160 offendimus.
1049 3099 1091 3159 60

90 3346 121 3388 ita
138 3347 163 3390 in
182 3361 255 3392 unum
285 3345 380 3392 conflati
408 3350 478 3391 sunt:
509 3342 558 3405 Qui
580 3349 712 3404 postquam
728 3341 828 3404 fhntem
851 3343 966 3396 ueritatis
984 3344 1086 3402 reperit.

92 3411 146 3470 (ll)
164 3441 198 3451 -
213 3429 310 3474 poenos
324 3415 453 3474 pessimus
470 3415 575 3459 libertus
594 3414 624 3459 N.
670 3411 727 3473 (ld)
747 3423 778 3458 =
799 3427 829 3456 cc
842 3427 886 3471 pr.
906 3413 936 3462 N.
972 3411 1030 3473 (ll)
1047 3412 1089 3457 dc·

91 3483 151 3544 loto]
170 3489 254 3531 Burin.
275 3487 389 3545 flausing.
409 3487 436 3530 S.
457 3505 490 3521 -
508 3485 601 3528 Firmnt
617 3483 764 3542 aliquatenus
785 3482 832 3528 N.:
853 3507 885 3518 -
904 3482 1012 3528 delatum
1030 3483 1090 3540 bens

93 3562 220 3601 scrutatur
239 3556 343 3601 crimen.
363 3577 397 3592 -
415 3553 560 3600 damnanda
576 3555 606 3600 Ρ.
625 3553 656 3598 ll.
675 3567 699 3610 p.
718 3571 753 3587 ·-
772 3549 882 3611 nefanda
893 3555 1087 3608 Anonmnisnsp.

92 3620 148 3676 (ts)
173 3621 375 3687 recusamus...]
405 3625 436 3670 u.
461 3639 484 3680 p.
513 3623 539 3668 s.
568 3645 597 3656 -
624 3609 815 3680 recusamus...
837 3624 866 3670 n.
897 3622 946 3680 (n.
969 3623 998 3666 n.
1027 3622 1088 3666 ussa

94 3701 158 3740 const
185 3705 206 3746 ,t
242 3693 301 3752 (51)
326 3693 382 3754 Nil]
408 3695 438 3741 N.
467 3709 491 3749 p.
519 3694 545 3738 S.
565 3717 598 3728 ·-
616 3691 688 3738 Nihil
705 3693 734 3737 Ρ.
760 3693 790 3738 ll.
838 3689 895 3748 (52)
913 3709 947 3728 -·
960 3697 1038 3749 putes
1056 3691 1087 3738 ll.

94 3759 118 3810 (5
167 3789 188 3798 -
211 3777 353 3810 ammonere
370 3766 400 3812 Ρ.
418 3766 448 3810 u.
468 3778 491 3819 p.
528 3763 586 3822 (55)
605 3761 739 3820 Opinione]
757 3763 786 3809 n.
804 3762 834 3806 P.
855 3763 880 3806 S.
900 3759 1089 3819 -Opim'onss

93 3818 123 3884 Ρ(
153 3833 242 3900 (itte.)
259 3848 290 3879 ne
313 3833 373 3894 quid
385 3831 533 3892 ponderent]
552 3831 638 3878 Nescio
659 3834 697 3891 qni
714 3833 803 3888 prunus
823 3832 858 3875 sic
878 3832 1018 3876 emendarit.
1056 3832 1089 3875 dd

117 3901 229 3959 igatttus?
253 3905 373 3952 Tribnnnt
398 3905 506 3951 lleinsio.
543 3905 587 3948 Sed
615 3907 652 3948 cst
672 3904 720 3948 iam
742 3905 765 3947 in
784 3903 821 3946 ed.
842 3899 914 3944 Fabri
935 3897 1010 3945 1664.
1033 3905 1087 3944 ets

96 3977 242 4020 correctione
271 3977 342 4020 etiam
366 3975 390 4018 in
418 3974 446 4018 ll.
467 3997 499 4009 -
518 3988 548 4017 us
565 3973 620 4032 quis
645 3971 767 4030 ponderet
783 3973 813 4018 Ρ.
833 3971 862 4014 u.
882 3985 896 4014 a
914 3984 950 4026 pr.
973 3984 1006 4015 nt.
1026 3975 1087 4014 teste
1192 4025 1195 4032 .

97 4039 163 4089 vinc.
183 4059 206 4102 p.
226 4045 268 4103 (ι-
289 4059 319 4092 us
338 4045 380 4105 qni
397 4043 567 4103 spondentis.
582 4047 641 4088 teste
651 4039 755 4098 Gudin.)
773 4035 833 4102 (39)
845 4049 875 4086 π
890 4046 1043 4101 exsequutus
1055 4039 1087 4084 ll.
