2768 4750
1013 332 1072 395 105

71 470 292 538 Constantior
312 467 447 536 fuissem
462 491 536 534 vern
557 470 749 534 existimans.

72 577 180 639 Nune
200 577 302 640 conde
321 575 442 638 terrum
465 586 494 636 et
517 563 652 658 linguam
675 574 795 656 pariter
813 574 952 651 futilem,
1034 575 1076 636 10

71 678 125 742 Ut
148 677 252 759 possis
275 678 353 740 aiios
375 674 557 759 ignorantes
578 677 702 739 fallere.

69 781 176 863 Ego,
200 779 253 863 qui
275 800 341 842 sum
364 791 534 858 expertus,
559 778 683 855 uitantis
705 778 810 862 fugies
834 779 973 857 viribus,

78 881 183 956 Seio,
208 903 299 963 quam
323 879 430 943 virtuti
451 902 513 944 non
537 881 577 942 sit
598 883 785 943 eredendum
807 893 891 946 tuae.

121 983 178 1046 Illi
198 982 357 1066 adsignari
379 984 470 1047 debet
490 984 567 1046 haee
590 982 748 1058 narratio,

76 1085 148 1164 Qui
171 1107 206 1148 re
228 1088 361 1150 secunda
384 1083 475 1147 fortis
498 1074 568 1161 est,'
590 1084 682 1149 dubia
704 1084 816 1169 fugax.
1036 1087 1075 1149 15

483 1300 580 1361 [reu.
601 1305 663 1364 uu]

350 1449 530 1516 CALVUS
553 1454 614 1516 ET
639 1452 810 1518 MUSCA.

128 1592 222 1658 Calvi
245 1589 415 1655 momordit
435 1611 539 1653 musea
561 1593 709 1654 nudatum
733 1604 844 1674 caput3

82 1696 189 1775 Quam
212 1693 391 1776 opprimere
414 1706 541 1774 captans
562 1695 682 1775 alapam
705 1693 765 1757 sibi
785 1694 875 1758 duxit
897 1681 1047 1781 gravem.¹

83 1801 180 1862 Turne
200 1796 252 1858 ills
273 1795 430 1858 inridens:
456 1796 609 1859 Punctum
632 1798 769 1862 volucris
790 1800 944 1880 parvulae

84 1897 229 1962 Voluisti
251 1909 353 1963 morte
374 1896 501 1972 ulcisci3
526 1898 601 1982 quid
621 1899 717 1962 facies
739 1900 814 1980 tibi,

85 1998 225 2062 Iniuriae
247 1999 302 2082 qui
324 1998 477 2062 addideris
499 2001 741 2064 contumeliam?

84 2099 289 2182 Respondit:
313 2102 440 2163 Mecum
463 2101 556 2164 facile
578 2103 674 2164 redeo
696 2103 726 2168 in
749 2103 899 2188 gratiam,

89 2201 171 2284 Quis
193 2224 257 2266 non
278 2201 375 2266 suisse
397 2213 530 2264 mentem
553 2203 693 2267 laedendi
715 2205 796 2268 seio.

86 2307 151 2368 Sed
173 2315 222 2380 te,
246 2303 419 2385 contempti
441 2303 565 2387 generis
587 2305 699 2368 animal
719 2307 919 2388 improbum,

86 2409 176 2488 Quae
199 2405 364 2468 delectaris
387 2405 497 2468 bibere
519 2408 684 2470 humanum
707 2408 910 2493 sanguinem,

87 2511 205 2592 Optem
228 2528 340 2570 necare
364 2507 414 2571 vel
437 2506 555 2572 maiore
578 2509 792 2575 incommodo.
1039 2516 1079 2578 10

85 2728 158 2774 habet
184 2729 283 2772 mettum
304 2729 423 2774 vestitum.
453 2735 491 2773 oo
518 2721 622 2787 effluens
645 2725 765 2775 Gronov.⁰
801 2729 855 2788 (13)
886 2753 915 2766 -
940 2746 1030 2794 greeeo
1048 2735 1079 2781 P.

84 2814 112 2861 g.
156 2795 210 2853 (15)
234 2795 365 2856 Quisnam]
386 2797 416 2842 P.
434 2797 465 2842 11.
484 2795 515 2840 Ν.
535 2797 561 2842 S.
581 2819 614 2832 -
631 2794 775 2858 quiuomp.
822 2801 908 2860 (ibid.)
926 2813 964 2850 mo
981 2805 1081 2849 incon-

84 2873 196 2925 spectum
213 2879 292 2910 meum
309 2866 340 2911 N.
358 2867 420 2911 Lau.
442 2867 510 2910 Brot.
558 2864 613 2925 (17)
630 2874 739 2912 mutatus
756 2868 852 2929 stetim]
871 2872 896 2916 In
918 2873 1004 2918 hisvv.
1025 2872 1082 2918 ded-

85 2939 152 2982 ciunt
168 2935 198 2980 P.
218 2936 248 2985 u.
266 2948 290 2990 p.
307 2987 317 2996 ,Ι
338 2937 393 2994 Seq.
414 2935 499 2980 versic.
521 2937 625 2980 servarit
645 2935 676 2981 N.
692 2939 742 2982 sie:
768 2937 846 2985 Homo
861 2942 941 3000 inquit
950 2941 1015 3004 fleri
1032 2957 1083 2987 uon

79 3000 214 3066 potest's.
229 3035 236 3052 .
250 3017 404 3060 m.e...,
423 3006 483 3048 uude
507 3004 607 3048 tannen.
630 3008 762 3061 supplevit:
776 3005 933 3065 formosior,
958 3013 1081 3066 Bipontini

76 3073 202 3137 suretior.
238 3074 303 3118 idem
322 3074 388 3119 tenu.
408 3076 431 3118 in
448 3073 581 3128 prornythio
599 3074 743 3121 Perottiuo:
763 3076 887 3137 Quomodo
909 3093 984 3137 saepe
998 3077 1081 3138 sello-

85 3152 128 3190 ειη·
144 3142 270 3188 deminum
287 3141 407 3187 iudicium
424 3144 485 3188 haud
508 3143 592 3187 inseite
613 3144 686 3188 tatere
709 3147 841 3201 suspicatos
860 3152 897 3192 est
919 3149 963 3194 hoe
991 3151 1081 3206 epime-

85 3215 176 3262 thiom:
195 3211 338 3258 Humanum
352 3226 426 3270 saepe
444 3212 482 3256 eie
499 3209 620 3256 iudicium
631 3209 748 3270 fallitur.

136 3283 195 3326 Pes.
214 3282 248 3326 11.
290 3281 325 3337 (1.
346 3279 383 3337 2.)
407 3282 455 3325 Hos
478 3282 536 3325 duos
553 3295 592 3326 rr.
612 3284 716 3326 servavit
732 3283 763 3329 N.
789 3283 837 3340 (S.)
856 3285 1001 3340 Exciderunt
1018 3304 1031 3334 e
1049 3290 1079 3334 Ρ.

85 3353 118 3396 11.
146 3364 170 3406 p.
213 3347 252 3406 (3)
279 3372 308 3383 -
339 3350 474 3395 vindicabit
495 3350 525 3394 P.
554 3351 583 3394 11.
610 3352 723 3397 Correxit
747 3367 771 3408 p.
820 3351 857 3412 (1)
884 3379 917 3389 -
942 3359 1031 3403 exciso
1049 3358 1080 3403 N.

86 3419 124 3478 (5)
142 3416 208 3477 dein]
227 3433 250 3475 p.
271 3421 296 3465 S.
316 3443 349 3456 -
367 3419 455 3464 deinde
476 3419 505 3462 P.
529 3419 559 3463 11.
584 3419 614 3467 N.
636 3422 678 3475 (-
695 3423 788 3480 penula
806 3423 836 3468 P.
854 3422 884 3470 N.
904 3424 940 3480 p.)
985 3425 1025 3485 (1)
1044 3434 1081 3472 ut·

86 3485 198 3547 tentarit]
216 3487 247 3533 N.
268 3491 292 3534 S.
316 3499 348 3532 =
368 3489 508 3534 ottemturit
524 3488 554 3532 P.
574 3490 604 3533 11.
624 3491 696 3548 (teste
712 3490 788 3548 Gnd.)
806 3507 830 3548 p.
853 3505 884 3537 =
905 3494 1079 3541 adtenteritli.

85 3554 258 3617 (testeviue.)
293 3555 382 3615 (9)-
401 3559 568 3605 om..huncv.
587 3559 617 3603 Ν.
655 3557 760 3615 (10)-
770 3558 848 3619 sutile
865 3564 894 3608 P.
925 3562 980 3622 (13)
997 3563 1081 3624 quum]

85 3629 118 3674 N.
137 3625 231 3672 drmens
250 3626 367 3672 Gronorii
385 3641 450 3683 susp.
471 3630 497 3672 S.
518 3648 547 3660 -
567 3628 627 3687 quid
643 3629 672 3673 P.
692 3631 775 3692 1.-
795 3629 860 3690 quod
876 3646 900 3688 p.
942 3631 1029 3690 (ibid.)
1048 3659 1081 3669 -

85 3697 171 3745 virtuti
186 3697 221 3744 eit
238 3711 286 3741 om.
306 3709 354 3741 nou
373 3697 421 3752 N.,
440 3699 494 3756 qui,
514 3702 539 3740 ut
553 3699 630 3754 solet,
650 3712 698 3743 om.
719 3700 883 3752 epimetheum.

137 3767 195 3812 Fue.
215 3765 260 3814 111.
308 3764 346 3822 (2)
365 3785 399 3798 -
424 3763 567 3824 oppremere
591 3767 620 3812 11.
640 3767 669 3811 P.
697 3765 748 3825 (hic
772 3785 785 3813 e
806 3785 844 3825 pr.
866 3770 957 3825 rnenn.)
993 3769 1029 3827 (3)
1048 3797 1081 3808 -

86 3833 158 3881 Hunc
175 3836 220 3879 ma
238 3835 268 3880 Ν.
288 3857 321 3869 -
350 3833 437 3880 ridens
454 3837 483 3884 Α.
519 3831 556 3891 (5)
572 3835 685 3880 Iniuriae
705 3837 747 3895 qui
765 3837 905 3896 addideris]
928 3840 958 3884 N.
978 3841 1032 3900 urg.
1053 3845 1079 3889 S.
1137 3871 1138 3875 =

85 3905 196 3950 Iniuriae
214 3905 273 3964 quie
287 3901 387 3950 dederis
405 3905 434 3948 P.
453 3905 484 3948 11.
504 3929 536 3940 -
554 3904 667 3950 Inlue-we
685 3917 740 3949 eom
758 3909 801 3966 que¹
814 3904 914 3954 dederis
931 3924 954 3966 p.
990 3907 1033 3970 (7)
1050 3934 1079 3944 -

86 3973 213 4024 Namnou
232 3974 261 4020 N.
309 3971 349 4033 (8)
368 3997 400 4008 -
419 3975 539 4022 rontemet
554 3975 584 4020 P.
610 3987 634 4033 g.
661 3975 773 4021 Correxit
795 3991 819 4032 p.
868 3973 921 4035 (10)
940 4003 972 4016 -
993 3979 1080 4040 Optem
