2788 4772
233 350 317 427 ,38

281 489 374 551 Trinc
396 484 536 551 moriens
562 505 673 549 vocem
695 485 777 550 hauc
799 481 933 548 edidisse
956 480 1088 544 dicitur:
1165 473 1172 482 ’

280 592 311 656 0
335 612 384 654 me
402 588 581 653 infelicem!
605 587 659 672 qui
680 609 764 650 nunc
785 590 908 650 demum
931 585 1102 668 intellego,

275 692 374 758 Utilia
397 691 587 776 mihiquem
610 691 745 766 fuerint,
771 704 851 773 qrioc
872 691 1098 770 despexerim,

278 797 344 873 Et,
367 817 448 880 quac
471 795 653 871 laudaram,
679 805 828 876 quonium
851 792 955 854 luctus
972 791 1153 862 habuerint.

678 1011 885 1074 [run.xuu]

531 1163 717 1230 VULPES
741 1163 803 1226 ΕΤ
827 1159 1028 1226 CORVUS.

323 1308 386 1388 Qui
409 1328 443 1371 se
465 1304 587 1370 laudari
609 1308 726 1390 gaudet
748 1301 856 1366 verbis
878 1299 1038 1376 subdolis,

275 1411 360 1474 Fere
384 1413 436 1472 dat
456 1430 578 1491 poenas
600 1408 687 1490 turpi
708 1404 918 1489 poenitentia.

320 1513 425 1592 Quum
447 1513 486 1573 dc
507 1511 648 1574 fenestra
671 1531 789 1574 corvus
812 1519 937 1590 raptum
961 1527 1086 1570 caseum

276 1613 431 1679 Comesse
455 1614 571 1691 vellet,
596 1614 680 1678 celsa
703 1611 845 1676 residens
867 1613 1005 1688 arbore,

273 1716 399 1800 Vulpes
423 1718 506 1778 huuc
528 1716 625 1791 vidit,
651 1717 760 1778 deinde
784 1713 830 1776 sic
853 1713 959 1795 coepit
982 1712 1092 1797 loqui:

275 1818 305 1882 0
328 1820 384 1902 qui
404 1832 546 1895 tuarum,
570 1839 690 1892 corre,
714 1835 890 1898 pennarum
913 1829 961 1880 est
984 1817 1090 1879 nitor!

276 1923 434 2002 Quantum
459 1921 583 1984 decoris
606 1939 745 2001 corpore
769 1928 801 1981 er
820 1919 915 1982 -vultu
940 1918 1046 2004 geris!

167 2071 172 2090 .
275 2023 310 2088 si
333 2045 445 2088 vocem
468 2022 729 2098 haberemini
751 2021 844 2104 prior
867 2021 932 2084 ales
953 2023 1054 2085 soret.

274 2127 322 2198 At
342 2127 395 2190 ille
417 2128 552 2202 stultus,
577 2130 648 2188 dum
673 2127 740 2188 vult
763 2145 879 2189 vocem
902 2127 1091 2201 ostendere,

275 2229 391 2292 Emisit
413 2251 471 2293 ore
494 2250 638 2306 cascum,
664 2249 759 2312 quem
782 2228 929 2292 color-iter

274 2332 400 2396 Dolosa
423 2333 535 2414 vulpes
557 2330 656 2398 avidis
678 2331 786 2413 rapuit
808 2332 968 2395 dentibus.

275 2437 361 2498 Tum
383 2437 507 2497 demum
530 2434 685 2519 ingemuit
706 2435 799 2498 corvi
822 2437 974 2517 deeeptus
997 2446 1127 2516 stupor.

318 2539 392 2602 Hae
413 2557 448 2600 re
471 2541 627 2619 probetur
649 2537 808 2622 ingenium
832 2549 982 2622 quantum
1007 2538 1092 2604 valet
1129 2611 1131 2618 ,

277 2640 407 2703 Virtute
428 2651 462 2702 et
483 2661 618 2723 semper,
631 2641 798 2724 praevalet
820 2641 984 2722 sapientia.

273 2902 306 2913 -
316 2889 398 2924 rocem
411 2875 475 2922 donc
487 2876 588 2924 dodim
606 2880 636 2926 D.
658 2880 759 2925 testibus
774 2879 829 2940 urg.
844 2885 868 2925 et
878 2880 941 2926 Gnd.
961 2903 994 2924 -.-
1013 2877 1113 2925 dedisse
1126 2893 1207 2926 rocem
1217 2879 1285 2928 donc

272 2949 304 2993 D.
323 2953 384 2993 teste
403 2949 486 2994 Heius.
523 2947 579 3008 (tt)
608 2949 685 2995 Utilia
716 2948 780 2994 milti
802 2963 877 3010 quom
894 2947 1007 3009 suerint]
1032 2951 1063 2995 D.
1089 2953 1115 2999 S.
1135 2972 1168 2983 -
1188 2950 1218 2996 tu
1236 2953 1285 3007 illo

272 3013 336 3064 mihi
353 3031 427 3076 quom
439 3015 586 3078 profuerint
604 3020 634 3065 P.
654 3021 684 3074 R.
705 3025 806 3078 uterque
825 3035 838 3064 n
858 3033 895 3076 pr.
915 3035 949 3065 m.
987 3021 1034 3064 Sed
1053 3021 1076 3076 in
1096 3021 1126 3067 P.
1146 3027 1286 3068 correctum

272 3100 321 3146 quo
336 3092 388 3132 tum
406 3087 462 3144 (non
479 3095 611 3149 quantum,
645 3095 671 3134 ut
686 3091 720 3134 ait
737 3089 821 3150 urg.);
841 3089 865 3134 in
883 3089 913 3145 D.
934 3090 967 3147 (io
987 3105 1034 3148 quo
1051 3095 1112 3135 teste
1132 3091 1210 3136 Gudio
1228 3093 1285 3138 inn-

272 3158 348 3200 ctim:
369 3157 457 3213 utillo)
481 3157 585 3204 deletum
606 3173 698 3220 quom:
717 3161 816 3219 sieque:
835 3169 874 3206 oo
899 3157 929 3204 tu
950 3159 996 3204 illa
1014 3157 1077 3204 midi
1093 3157 1239 3220 profuerint
1256 3175 1283 3218 p.

273 3249 306 3260 -
324 3223 374 3271 lua
391 3223 542 3288 mihiquem
556 3227 704 3289 profuerint
721 3229 841 3290 Bongnrs.

324 3295 385 3342 Pro.
404 3297 478 3342 xm.
513 3294 550 3356 (1)
569 3297 628 3362 Qui]
648 3324 680 3335 -
700 3297 769 3362 Quae
787 3301 818 3344 D.
839 3303 900 3352 teste
919 3298 1004 3346 Reios.
1033 3301 1061 3343 ln
1079 3311 1118 3342 vv.
1139 3295 1164 3348 1.
1185 3297 1210 3345 2.
1231 3313 1284 3349 εει,

272 3367 325 3412 τινὶ
344 3367 399 3411 leet.
419 3367 449 3412 Ρ.
468 3368 499 3412 R.
516 3370 568 3426 (Δ.)
587 3384 610 3426 p.
632 3394 665 3404 -
682 3367 795 3430 gaudent
809 3381 841 3414 o.
860 3382 884 3414 r.
905 3367 969 3422 Sero
991 3367 1053 3414 dont
1068 3381 1166 3426 poenos
1186 3369 1284 3428 tarpeis

267 3435 424 3495 poenitentia
442 3437 473 3483 D.
493 3439 602 3494 (testibus
620 3440 675 3498 uig.
697 3444 722 3483 et
739 3439 814 3491 (dud.)
834 3439 860 3484 S.
880 3461 914 3484 -.-
932 3435 1011 3482 Serae
1036 3437 1098 3483 dont
1114 3451 1212 3495 poenos
1229 3445 1284 3484 tur·

172 3497 180 3510 ¹
268 3521 316 3564 pec
332 3506 500 3565 poeniteutiae
518 3496 547 3554 Di
566 3514 627 3554 toste
652 3510 737 3563 Heius.
787 3504 823 3564 (5)
853 3505 945 3568 Vulpes
963 3504 1030 3552 Ιιιιιιο
1048 3505 1119 3566 sidit]
1138 3509 1178 3554 sic
1199 3509 1230 3556 P.
1249 3507 1282 3554 R.

273 3576 326 3632 (sed
341 3576 444 3635 culpis.)
464 3600 497 3611 —
516 3575 608 3638 Vulpes
623 3584 649 3624 ut
666 3577 728 3622 cidit
745 3577 776 3626 D.
797 3601 830 3611 -
848 3575 922 3622 Hunc
940 3575 1002 3622 cidit
1026 3578 1108 3637 sulpio
1128 3591 1151 3633 p.
1171 3579 1197 3623 S.
1218 3579 1282 3634 (oui.

268 3659 317 3703 per
335 3659 380 3701 pro
400 3645 481 3704 culpis
500 3645 584 3706 ubique
604 3648 705 3703 scripsi,
726 3648 799 3693 etiam
818 3661 842 3692 v.
864 3644 918 3700 11.)
955 3643 1041 3704 (ibid.)
1060 3672 1093 3682 -
1112 3645 1211 3707 deinde]
1232 3648 1281 3697 uo.

272 3717 362 3760 moins.
381 3716 412 3760 D.
439 3721 498 3762 testo
517 3716 625 3762 Heinsio.
645 3719 672 3764 s.
698 3740 732 3750 -
750 3715 839 3760 deliine
856 3716 887 3761 P.
907 3717 937 3760 tt.
961 3715 1032 3770 (testo
1052 3717 1151 3770 Gudio.)
1171 3717 1200 3765 D.
1220 3722 1281 3762 tosto

272 3784 348 3844 urg„
377 3787 415 3831 eui
439 3787 517 3842 potius
542 3789 623 3832 credo.
649 3807 683 3820 -
707 3783 797 3832 dehine
820 3786 859 3830 eir
880 3787 991 3842 occoepit
1010 3801 1033 3846 p,
1081 3783 1118 3844 (6)
1141 3798 1172 3830 =
1193 3800 1207 3832 o
1225 3789 1281 3848 quis

273 3878 283 3891 ·
302 3851 466 3913 -pimrorum
482 3857 513 3901 D.
551 3854 587 3912 (7)
604 3880 637 3891 -
656 3854 770 3900 decorem
789 3857 820 3901 D.
841 3854 912 3912 prob.
933 3856 1036 3916 seimus.
1075 3855 1110 3912 (9)
1131 3857 1212 3912 „Mem
1238 3858 1280 3902 ha·

272 3923 330 3968 bont
345 3925 462 3970 latiorem
479 3926 538 3972 dum
560 3931 584 3971 et
603 3925 661 3972 dum
679 3925 781 3972 etium.”
816 3925 900 3971 Heius.
925 3925 958 3970 Ut
978 3941 1039 3982 nos,
1064 3925 1094 3970 P.
1114 3926 1145 3970 R.
1166 3941 1189 3982 p.
1210 3928 1236 3971 S.
1257 3931 1280 3972 ct

273 3995 333 4040 eD.
354 3995 471 4053 uigilum
490 3997 548 4044 nihil
567 4002 642 4044 nomi.
679 3997 710 4041 ut
730 4011 786 4042 vero
805 3996 854 4042 A.:
875 3993 921 4056 ,Hip
939 3995 999 4044 dum
1019 3995 1217 4054 introspicere
1239 4010 1279 4054 oo-
