2788 4772
1109 307 1149 370 tt

145 445 257 528 peiore
288 444 416 511 secundi
450 456 543 530 parte
575 447 607 509 in
639 443 809 539 συναγωγῇ
842 467 899 512 sua
938 445 1150 529 compilanda.

145 548 231 612 Mihi
249 549 377 614 Perotti
398 549 562 632 exemplar
590 548 688 612 fnisse
714 549 842 612 videtur
866 549 999 634 originis
1020 549 1150 614 Italicae

144 653 290 735 adeoque
310 651 457 716 lectionis
480 673 499 716 a
522 651 644 716 Gallica
663 653 716 715 iila
739 651 829 716 Pin.
852 653 949 717 Rem.
972 652 1057 717 Dan.
1074 656 1150 718 satie

144 753 300 818 diversae.
357 754 501 838 Triplex·
516 765 619 818 autem
646 776 746 839 genus
772 765 819 818 est
839 755 1010 818 lectionum
1030 757 1150 820 Perot-

48 858 56 870 '
142 857 293 920 tinanum.
338 859 421 921 Nam
453 858 630 934 interdum,
664 857 719 920 nbi
738 860 911 940 depravata
939 870 1009 926 enat
1032 859 1151 922 familia

143 959 290 1036 Gallica,
313 961 392 1024 haec
411 960 544 1036 Italica,
562 960 614 1024 vel
626 959 708 1036 sola,
724 961 776 1024 vel
792 959 884 1024 etiam
905 961 1036 1026 firmans
1058 983 1151 1046 saga·

141 1062 283 1126 cissimas
299 1083 440 1158 viasque
457 1062 654 1130 Criticorum
670 1063 881 1139 coniecturas,
904 1085 1012 1128 veram
1033 1068 1149 1148 po'e'tae

142 1187 268 1230 manum
286 1165 447 1242 servavit;
469 1164 626 1229 interdum
644 1165 789 1250 integros
812 1166 1008 1242 versiculos,
1025 1151 1089 1252 'qui
1108 1189 1149 1231 ex

140 1269 240 1334 Reau.
262 1280 293 1333 et
313 1268 401 1333 Pith.
423 1268 626 1344 exciderant,
651 1267 765 1330 nemini
785 1280 872 1330 ceute
894 1279 1021 1351 praeter
1044 1271 1149 1334 Phae·
1190 1297 1197 1318 ·

143 1373 234 1434 desim
256 1372 359 1454 ipsum
379 1373 579 1436 tribuendos.
610 1370 685 1436 cu.
718 1393 753 1434 v.
788 1391 820 1434 c.
850 1373 927 1433 Lib.
951 1373 984 1438 5.
1008 1373 1091 1435 Fab.
1117 1377 1147 1438 1.

140 1487 227 1539 extr.
252 1475 285 1538 2.
314 1474 418 1539 initio.
461 1476 529 1538 Iam
556 1473 654 1549 talia,
689 1493 827 1558 quaese
860 1473 985 1538 interna
1014 1495 1070 1538 sua
1092 1497 1148 1538 ve·

139 1577 235 1640 ritate
276 1577 563 1652 commendabant,
599 1575 787 1660 minimeque
823 1577 988 1654 Perotto,
1028 1577 1148 1646 homini

138 1679 322 1744 Latinitatis
344 1681 429 1742 haud
451 1678 543 1742 nimis
559 1678 686 1762 perito,
710 1676 848 1742 adscribi
873 1699 971 1760 posse
996 1678 1148 1742 videban-

131 1787 211 1858 tur,
242 1782 309 1846 siue
330 1781 556 1858 haesitatione,
591 1780 757 1848 Schwebii
787 1791 818 1844 et
846 1779 942 1848 Zellii
967 1783 1146 1868 exemplum

137 1898 266 1950 secutus
289 1884 473 1967 recipienda
494 1883 583 1950 duxi.
685 1965 694 1984 Α

201 1988 329 2052 Rursus
360 1987 466 2052 insunt
494 1987 649 2052 lectiones
677 1987 792 2072 partim
821 2011 955 2072 prorsus
989 1984 1144 2081 diuosque,

133 2090 254 2173 partim
286 2089 412 2172 ineptae
444 2101 540 2174 atque
576 2093 750 2182 absurdae,
782 2093 870 2156 velut
899 2093 942 2160 L.
975 2092 1013 2167 2,
1045 2094 1086 2168 8,
1112 2095 1145 2158 i.

134 2214 223 2276 pro:
253 2196 301 2258 Et
320 2205 517 2276 opportuno
538 2216 575 2258 se
601 2178 707 2258 tumui
734 2194 908 2260 condidit:
930 2225 970 2240 -
990 2198 1037 2260 Ee
1056 2195 1146 2259 iuter

135 2295 281 2359 betholon
306 2296 457 2360 rusticus
484 2319 520 2360 se
543 2297 718 2371 condidit3
742 2297 780 2373 3,
806 2297 845 2373 2,
871 2297 922 2359 13.
944 2319 1027 2379 pro:
1051 2297 1146 2380 ipsos

13 2429 18 2436 ·
129 2410 294 2482 pastores
328 2409 444 2460 necat:
466 2429 507 2446 -·
528 2399 639 2481 ipsius
657 2412 838 2482 pastorem
858 2412 974 2476 necat,
998 2420 1035 2462 ac
1058 2400 1144 2463 simi·

133 2503 201 2576 les;
237 2502 268 2565 in
300 2501 416 2586 quibus
444 2502 594 2582 profecto
619 2501 757 2578 nescias,
792 2512 897 2565 utrum
920 2502 962 2564 ita
985 2502 1045 2565 iam
1069 2522 1143 2566 eor-

132 2603 223 2686 rupti
257 2603 376 2668 iueriut
403 2602 434 2669 in
465 2598 636 2695 ἀρχετύπῳ
673 2625 691 2667 a
720 2606 857 2670 Perotto
887 2604 1070 2696 conscripto,
1103 2624 1142 2666 an

131 2707 224 2788 ipse,
253 2727 349 2790 quum
370 2707 403 2769 in
425 2705 482 2770 illo
505 2717 610 2769 esseut
643 2705 805 2792 aliquanto
826 2707 928 2770 levius
950 2705 1138 2790 depravati,

134 2807 290 2872 medicam
323 2831 447 2874 mamuu
478 2809 629 2872 adhibere
658 2821 790 2874 conatus
819 2810 918 2892 magis
947 2810 1041 2874 etiam
1065 2829 1139 2872 eos·

134 2915 208 2976 dem
229 2911 471 2976 contaminarit:
505 2912 537 2974 id
564 2932 627 2993 pro
656 2923 748 2976 certo
772 2911 926 2976 affirmare
948 2933 1139 2996 possumus,

132 3035 293 3098 nunquam
322 3014 465 3077 intumum
495 3012 613 3090 fuisse,
645 3027 678 3077 ut
707 3027 770 3100 tam
796 3015 982 3098 deturpatos
1006 3035 1060 3078 eos
1083 3016 1138 3077 de·

134 3117 253 3192 disset,
277 3115 304 3198 si
322 3116 468 3200 integros
489 3116 661 3198 reperisset
681 3116 713 3180 in
744 3113 925 3208 ἀρχετύπῳ.
970 3116 1039 3181 Etsi
1058 3117 1139 3180 enim

133 3241 249 3304 parum
271 3219 401 3302 elegans
423 3229 493 3293 enat
513 3220 633 3304 poiita,
672 3219 798 3284 minime
819 3232 924 3282 tamen
946 3228 1049 3284 tantus
1071 3230 1138 3282 stu·

134 3343 200 3406 pon
222 3343 260 3384 ac
287 3342 388 3403 paene
417 3320 517 3385 iibido
545 3343 620 3384 anna
650 3323 876 3404 corrumpendi
914 3326 1006 3386 debet
1035 3319 1138 3402 impu·

135 3422 199 3486 tari
219 3421 339 3485 homiui
361 3443 426 3485 non
440 3443 575 3504 prorsus
590 3421 717 3486 inscito.
763 3427 928 3509 Namque,
952 3423 1003 3486 ubi
1025 3445 1135 3504 reapse

134 3524 290 3589 eiusmodi
319 3523 500 3587 stoliditatis
532 3545 607 3588 reus
641 3525 786 3602 videtur,
818 3528 919 3592 veluti
942 3526 980 3602 2,
1011 3527 1049 3600 8,
1083 3528 1135 3590 au.

131 3641 209 3692 tum
233 3626 390 3711 gaudena
417 3647 536 3690 ecimus
558 3649 641 3708 pro:
680 3641 754 3692 tum
777 3631 932 3714 gaudens
950 3625 1078 3717 ferus,
1104 3639 1136 3692 et

133 3733 177 3808 lt,
202 3731 260 3804 25,
286 3729 338 3792 99.
363 3729 466 3792 ruina
486 3738 609 3792 domuc
631 3752 711 3815 pros
736 3733 841 3796 ruina
869 3749 1026 3795 camarae
1049 3742 1133 3807 cet.,

132 3845 206 3896 ante
229 3831 334 3895 omnia
348 3829 521 3908 nescimus,
546 3844 649 3896 utrium
669 3834 716 3897 sie
731 3833 886 3898 invenerit
898 3833 929 3894 in
951 3827 1131 3923 ἀρχετύπῳ,

132 3959 172 4000 an
194 3934 274 3998 idem
308 3933 376 3998 iere
406 3931 537 4012 iecerit,
574 3936 659 4020 quod
681 3936 858 4010 etiamnunc
878 3935 983 4025 solent
1005 3935 1134 4014 iacere,
