2796 4746
599 514 602 523 s
685 485 782 546 [rar.
803 483 864 547 ma

336 616 588 710 ἵΡΟΜΡΕΙΠΒ
611 617 809 683 MAGNUS
831 617 894 682 ET
917 614 1024 680 EIUS
1047 611 1208 679 MILES.

495 760 586 830 Qrutm
605 756 728 832 difficile
747 763 786 810 sit
805 725 1052 810 domiuemlnosse.

326 899 443 985 Magni
465 897 613 981 Pompeii
635 897 724 961 miles
746 898 828 961 vasti
851 895 1020 979 corporis,

285 1005 405 1068 Fracte
427 1003 590 1088 loquendo
614 1012 644 1064 et
667 1001 858 1064 ambulando
882 998 1025 1064 molliter

283 1108 413 1170 Famam
436 1103 560 1168 cinaedi
582 1114 724 1167 traxerat
747 1101 971 1167 certissimam.

283 1209 351 1273 Hic
370 1206 535 1272 insidiatus
557 1217 652 1270 nocte
669 1205 815 1270 iumentis
836 1205 943 1280 ducis,

285 1310 367 1378 Cum
390 1322 478 1375 veste
499 1321 531 1374 et
551 1330 630 1373 auro
657 1320 690 1373 et
710 1331 827 1394 magno
850 1306 975 1396 argenti
997 1309 1142 1392 pondere
1258 1307 1281 1369 5

284 1413 417 1480 Avertit
438 1413 554 1477 mulos.
598 1413 731 1476 Factum
753 1433 866 1478 rumor
889 1411 1038 1495 dissipat3

284 1515 447 1602 Arguitur
468 1514 574 1593 miles,
598 1502 724 1599 rapitur
749 1515 782 1579 in
803 1514 1016 1599 praetorium.

252 1697 254 1716 .
286 1624 370 1684 Tum
394 1622 556 1704 Magnus:
581 1619 691 1699 Quid?
714 1617 773 1695 ait,
796 1629 870 1682 tune
892 1640 958 1695 me,
982 1615 1175 1693 commilito,

287 1721 438 1806 Spoliare
459 1744 492 1786 es
515 1721 629 1793 ausus?
672 1722 733 1786 Ille
757 1720 910 1786 continuo
934 1732 1084 1784 exscreat

286 1825 358 1891 Sibi
376 1824 409 1890 in
431 1823 591 1889 sinistram
612 1835 643 1887 et
662 1835 787 1907 sputum
811 1823 920 1909 digitis
944 1824 1089 1908 dissipat.
1235 1827 1283 1886 10

287 1928 364 2006 sie,
386 1928 581 2012 imperator,
605 1926 692 1993 oculi
715 1926 931 1992 exstillescant
956 1927 1036 2004 mei,

287 2030 412 2098 sinidi
434 2042 488 2095 aut
508 2029 615 2116 tetigi.
661 2033 744 2093 Tum
769 2029 820 2093 vir
843 2029 938 2094 animi
961 2030 1114 2115 simplicis

286 2138 325 2200 ld
347 2137 483 2199 dedecus
505 2121 685 2198 castrorum
706 2131 848 2216 propelli
869 2129 977 2211 iubet,

286 2239 360 2303 Nec
382 2241 497 2302 cadere
518 2235 551 2300 in
573 2235 661 2298 illum
684 2235 789 2300 credit
808 2247 927 2300 tantam
948 2238 1123 2304 audaciam.

287 2343 395 2406 Breve
415 2342 540 2422 tempus
562 2336 759 2415 intercessit,
781 2349 814 2402 et
833 2341 935 2403 fidens
957 2361 1051 2404 manu
1236 2341 1278 2404 15

287 2447 393 2510 Unum
412 2465 429 2507 e
448 2441 605 2508 Romanis
624 2443 827 2526 provocabat
847 2444 1022 2519 barbarus3

289 2545 359 2612 Sibi
378 2545 517 2632 quisquo
536 2544 646 2609 metuit
666 2555 698 2608 et
718 2543 815 2627 primi
837 2558 976 2612 mussant
994 2549 1103 2612 duces.

289 2651 433 2714 Tandem
457 2646 605 2712 cinaedus
627 2647 757 2725 habitu,
781 2652 836 2714 sed
858 2651 953 2714 Mars
971 2650 1133 2727 viribus,'

288 2751 371 2817 Adit
391 2753 549 2814 sedentem
572 2771 635 2836 pro
659 2751 814 2817 tribunali
836 2739 966 2830 ducem,

190 2855 192 2859 ’
289 2857 334 2921 Et
355 2875 438 2918 voce
457 2851 568 2919 molli:
594 2853 710 2918 Licet?
752 2854 930 2922 Enimvero
954 2847 1028 2921 eiici
1234 2859 1276 2920 20

289 2956 407 3023 Virum
429 2955 514 3021 utin
535 2979 571 3022 re
595 2956 699 3023 atroci
720 2959 863 3044 Magnus
884 2963 1086 3024 stomachans
1105 2957 1255 3042 imperat.

291 3062 375 3124 Tum
396 3059 523 3147 quidam
546 3061 654 3126 senior
675 3060 847 3125 examinis
872 3062 1047 3146 principis:

290 3165 389 3229 Hunc
408 3185 473 3251 ego
497 3162 654 3230 committi
674 3163 771 3228 satius
791 3166 957 3230 Fortunae
978 3165 1139 3244 arbitror,
1201 3149 1204 3152 ’

342 3375 402 3421 Fau.
421 3375 469 3421 lx.
506 3375 542 3432 (8)
561 3374 644 3439 Quid?
661 3376 712 3431 uit,
731 3374 799 3436 tuns]
817 3379 846 3422 Β.
864 3379 895 3423 Ζ.
919 3402 952 3413 -
977 3377 1045 3440 Quid
1060 3379 1120 3423 uis?
1137 3385 1196 3423 tune
1216 3381 1272 3426 Vat.

292 3446 370 3502 Neap.
422 3440 484 3508 (15)
500 3445 588 3509 fidens
607 3444 694 3508 manu]
713 3447 734 3492 l.
754 3447 783 3492 C.
800 3447 831 3493 Z.
869 3473 902 3482 —
926 3447 1099 3512 rnunufidcns
1117 3451 1177 3494 vat.
1197 3448 1275 3506 neap.

231 3513 234 3526 ⁴
291 3513 349 3573 (16)
367 3513 448 3560 Unum
466 3529 479 3558 ι
495 3513 578 3576 Rom]
598 3517 637 3562 Sic
656 3517 752 3571 scripsi.
777 3541 811 3552 -
836 3515 915 3563 Unum
933 3517 963 3562 de
980 3517 1050 3563 Rom.
1072 3521 1128 3563 Vnt.
1179 3517 1234 3576 (tt)
1253 3526 1276 3566 st

287 3583 381 3644 primi]
400 3586 421 3630 l.
441 3609 474 3621 -
494 3600 543 3630 om.
563 3593 587 3631 et
600 3589 656 3631 Vnt.
668 3585 744 3644 Neep.
781 3589 826 3632 Vel
846 3590 893 3648 leg.
909 3589 991 3646 primi
1011 3589 1156 3632 mussitant.
1195 3587 1238 3648 (20
1253 3596 1276 3634 et

286 3647 339 3713 dt)
358 3656 397 3700 Sic
410 3656 439 3700 Ζ.
459 3679 492 3689 ·-
510 3653 644 3700 Enimvero
656 3656 807 3702 siicirirum
826 3655 857 3702 m
874 3660 902 3704 in
913 3661 969 3706 Vnt.
982 3657 1082 3716 (Neap.)
1118 3656 1174 3718 (28)
1187 3657 1276 3716 hostia]

293 3727 313 3770 l.
336 3725 365 3769 Ζ.
385 3747 418 3760 --
437 3723 502 3770 loeti
519 3728 575 3774 Vat.
596 3725 671 3782 Neap.
713 3723 773 3790 (29)
792 3727 878 3788 rediit]
897 3729 917 3774 Ι.
938 3730 967 3774 Ζ.
988 3753 1020 3762 -
1039 3727 1105 3774 redit
1122 3730 1180 3774 Vat.
1201 3729 1275 3785 Neap.

293 3788 357 3856 (lb.)
374 3819 408 3829 -
426 3801 478 3840 tum
496 3795 572 3852 Neap.
615 3793 673 3855 (30)
691 3794 802 3851 Corone,
821 3796 905 3856 miles]
924 3800 944 3844 1.
963 3798 992 3842 G.
1013 3799 1043 3847 Ζ.
1063 3821 1097 3832 ·-
1115 3794 1214 3843 Corone
1230 3799 1276 3842 mi-

292 3865 347 3910 litia
365 3866 420 3910 Vat.
440 3865 516 3922 Neap.
554 3863 610 3925 (3¹)
629 3863 806 3928 Quodl‘lleap.
825 3867 886 3914 Edd.
908 3892 940 3916 ,-
958 3867 1024 3931 (tuta
1041 3870 1097 3916 Vat.
1123 3891 1156 3902 -
1176 3867 1276 3927 imperi]

294 3935 315 3980 l.
335 3935 365 3978 Z.
386 3957 419 3970 -·
437 3935 542 3994 imperii.
555 3939 612 3982 Vnt.
633 3937 710 3992 Neup.
916 3979 924 3990 ,

330 4005 389 4051 Fun.
398 4003 433 4051 X.
449 4003 580 4064 (Udorum
592 4005 710 4068 agitandi
722 4005 837 4067 eausam]
850 4007 889 4052 Sic
902 4008 997 4064 scripsi.
1018 4004 1187 4052 Iucunditatis
1199 4019 1276 4052 cauea
