2788 4772
276 309 317 372 30

275 451 457 532 Longeque
480 445 613 510 interior
637 463 748 528 eguus.
795 443 888 508 Tunc
910 444 999 534 leuce
1021 445 1167 527 improba

274 553 378 614 Latro
402 547 546 612 incitatus
568 547 663 630 iurgii
685 567 810 610 causam
833 547 948 611 intulit.

175 667 177 675 ⁴
275 653 363 728 Cur,
387 652 509 737 inquit,
533 651 743 712 turbulentam
765 647 869 712 fecisti
892 650 967 713 mihi

271 760 400 842 Aquam
423 753 568 818 bibenti?
591 753 735 838 Laniger
757 763 870 816 contra
892 754 1025 818 timens:

274 862 337 942 Qui
352 881 501 942 possum,
526 877 666 940 quaeso,
687 857 813 932 facere,
837 859 924 941 quod
939 855 1103 941 quereris,
1121 854 1219 939 lupe?

271 967 305 1028 A
322 943 358 1025 ¹te
382 961 522 1023 decurrit
543 963 583 1021 ed
606 981 693 1022 meos
716 961 847 1022 haustus
869 959 990 1044 liquor.

273 1065 435 1146 Repulsus
458 1063 510 1125 ille
533 1061 674 1124 veritatis
697 1062 835 1125 viribus:

271 1169 358 1230 Ante
380 1168 440 1229 bos
462 1187 521 1228 sex
544 1185 665 1226 menses
687 1165 768 1228 male
798 1164 904 1227 dixisti
926 1163 1013 1228 mibi.
1234 1166 1274 1228 10

272 1271 452 1351 Respondit
475 1289 599 1352 agnus:
624 1267 783 1352 Equidem
806 1280 896 1330 natus
919 1289 983 1332 non
1006 1289 1104 1331 erem.

273 1376 382 1439 Pater*
394 1373 525 1434 hercule
548 1383 639 1446 turis,
663 1371 782 1455 inquit,
806 1371 886 1434 male
909 1370 988 1434 dixit
1009 1370 1096 1432 mihi.

273 1478 381 1558 Atque
405 1476 448 1539 ita
470 1486 652 1554 correptum
674 1475 792 1536 lacerat
814 1473 930 1537 iniusta
950 1494 1041 1536 nece.

316 1580 406 1641 Haec
428 1589 563 1659 propter
584 1578 658 1640 illos
680 1577 799 1659 scripta
822 1588 870 1640 est
891 1577 1032 1639 homiues
1055 1575 1182 1653 fabula,

273 1682 337 1762 Qui
358 1681 442 1770 lictis
465 1678 567 1743 causis
588 1679 774 1743 innoeentes
797 1680 993 1762 opprimunt.
1235 1680 1273 1743 15

679 1898 775 1958 [run.
807 1899 863 1961 ru]

440 2049 602 2114 RANAE
624 2049 793 2114 REGEM
819 2042 1104 2116 PETIERUNT.
1188 2101 1191 2108 ,

312 2192 458 2256 Athenae
482 2212 577 2274 quum
599 2190 754 2254 florerent
776 2189 885 2274 aequis
907 2189 1052 2274 legibus,

269 2295 400 2360 Procax
422 2294 553 2356 libertas
577 2293 735 2356 civitatem
757 2292 883 2356 miscuit

270 2399 474 2482 Frenumque
497 2397 594 2461 solvit
614 2395 782 2480 pristinum
805 2395 942 2459 licentia.

268 2501 333 2564 Hic
355 2501 543 2584 conspiratis
564 2501 739 2565 lactionum
761 2498 905 2582 pertibus

266 2719 303 2778 (3)
321 2716 413 2780 sance]
440 2722 470 2765 ll.
495 2721 527 2765 A.
553 2722 579 2765 S.
603 2744 636 2754 -
656 2716 723 2781 face
747 2721 777 2765 P.
803 2735 828 2776 p.
870 2721 1001 2774 „lleinsius
1028 2725 1053 2766 et
1080 2721 1158 2768 Faber
1172 2719 1271 2782 sance:

266 2793 429 2837 emendatione
451 2792 502 2847 (sed
515 2795 553 2834 est
570 2791 640 2834 lectio
652 2790 721 2834 Rem.
742 2793 813 2845 (teste
830 2789 897 2849 llig.)
916 2795 939 2834 et
958 2794 1036 2835 Arion.
1056 2790 1104 2836 Nil.
1126 2792 1186 2850 On.)
1200 2809 1271 2851 quein

265 2863 290 2905 in
309 2866 399 2905 textum
416 2863 507 2917 recepit
534 2859 699 2904 Schwabius.”
723 2861 801 2906 Bono.
822 2857 941 2918 -sume
958 2861 1016 2904 llitt.
1037 2862 1115 2906 Bentl.
1153 2861 1189 2918 (5)
1207 2860 1270 2921 Cur]

264 2944 289 2987 p.
310 2931 336 2974 S.
359 2941 391 2973 =
412 2929 481 2992 (luur-
498 2931 529 2974 P.
567 2927 604 2987 (6)
624 2931 663 2975 Sic
681 2930 710 2974 A.
732 2927 767 2987 (et
784 2930 839 2989 urg.
861 2935 920 2974 teste
945 2931 1045 2985 Zellio.)
1064 2956 1098 2966 —
1116 2932 1181 2977 turb.
1206 2931 1272 2976 milei

257 2997 350 3059 fecisti
367 2999 462 3058 Aquam
481 3000 620 3044 nitentior.
640 3024 672 3033 -
690 3000 755 3044 turb.
777 2998 840 3042 inibi
850 2995 943 3059 ficisti
960 3015 1052 3060 aqueum
1074 3001 1153 3046 Istam
1174 3002 1222 3049 bib.
1242 3017 1267 3058 p.
1333 3031 1336 3038 ·

174 3112 176 3117 .
264 3069 463 3126 („Emendetious
480 3070 593 3115 coeteris
612 3067 720 3126 (minime
737 3081 795 3114 vero
814 3069 843 3113 eb
865 3070 990 3116 omnibns:
1011 3069 1069 3125 On.)
1088 3077 1184 3126 recepte
1199 3073 1267 3130 quasi

265 3145 329 3185 esset
356 3143 475 3195 scripture
503 3140 600 3184 codicis.
610 3139 623 3160 ’¹
669 3139 759 3193 Bene.)
783 3163 815 3174 —-
839 3137 904 3183 turb.
923 3137 1016 3198 fecisti
1035 3139 1098 3184 milri
1117 3140 1196 3186 Istam
1215 3141 1265 3184 bib.

263 3211 347 3254 Burin.
367 3211 393 3254 S.
431 3207 469 3268 (7)
487 3207 611 3268 querereris]
631 3223 654 3264 p.
675 3209 700 3253 S.
721 3234 754 3243 -
772 3210 857 3269 queris
875 3209 905 3253 P.
919 3224 944 3269 g.
973 3208 1028 3267 (10)
1046 3235 1079 3244 -
1097 3210 1134 3254 cit
1151 3209 1268 3255 moledi-

265 3280 331 3324 xisti
347 3279 377 3323 P.
395 3280 425 3332 ll.
445 3281 516 3334 (teste
535 3279 634 3334 (ludio.)
653 3293 676 3334 p.
715 3281 761 3324 Sed
779 3293 851 3336 quum
868 3283 897 3324 Α.
918 3282 1012 3324 omittet
1029 3281 1080 3333 ait,
1100 3280 1145 3324 lroe
1162 3294 1185 3324 v.
1202 3281 1266 3324 dele-

263 3351 301 3403 vi,
322 3353 347 3392 nt
364 3349 426 3393 infra
445 3346 493 3403 30,
514 3345 538 3394 7.
558 3359 596 3396 Ν
612 3349 678 3394 male
697 3350 734 3394 ait
752 3348 846 3394 dixisti
863 3349 925 3394 Gud.
945 3351 971 3394 S.
1009 3350 1131 3404 (ticinensi
1147 3355 1174 3393 ct
1191 3350 1267 3394 tribu-

199 3434 202 3452 ι
264 3423 306 3463 unt
323 3419 406 3463 lleins.
423 3423 447 3462 et
464 3415 580 3476 Desbiil.)
615 3416 976 3478 (tileoRespondetBentl.
1013 3416 1069 3477 (12)
1081 3417 1192 3478 horride]
1209 3420 1266 3478 uig.

263 3490 289 3538 S.
310 3513 343 3523 —
361 3479 444 3532 lz'ercle
463 3489 494 3532 P.
513 3502 537 3541 o.

315 3560 375 3602 Fen.
397 3560 430 3602 ll.
468 3555 604 3615 (Index.)
625 3556 695 3602 Runa
714 3559 745 3603 P.
771 3563 797 3602 nt
814 3560 865 3604 iere
885 3571 1011 3614 sempera
1039 3572 1082 3614 pro
1102 3573 1140 3603 ae.
1187 3559 1266 3604 Semel

263 3633 383 3672 uolumus.
421 3629 525 3673 ΤυιηΡ.
546 3635 640 3683 sempor
659 3641 732 3682 eum,
753 3643 895 3688 nonquam.
933 3629 1022 3672 Contra
1041 3630 1071 3674 ll.
1092 3643 1162 3684 saepe
1181 3642 1267 3688 quum.
1343 3649 1345 3659 ν

263 3696 301 3756 (l)
320 3696 379 3757 Hic]
396 3699 427 3742 P.
455 3699 485 3742 ll.
513 3703 575 3744 teste
601 3698 688 3744 Gudio.
705 3700 785 3743 Bentl.
823 3699 909 3752 „Hm
927 3712 974 3742 vox
993 3701 1069 3753 prima
1086 3712 1158 3742 manu
1177 3700 1267 3752 scripte

262 3774 300 3813 cst
320 3783 394 3825 neque
414 3771 476 3814 inter
493 3782 579 3813 vernus
597 3770 706 3823 adiectu,
735 3783 810 3826 neque
826 3771 850 3813 in
873 3769 1000 3826 margine,
1020 3769 1217 3826 quemadmodum
1240 3783 1266 3812 se

263 3839 382 3883 invenisse
399 3840 432 3883 ait
453 3839 591 3885 Heinsius.”
625 3839 702 3884 Beue.
723 3883 725 3892 ,
749 3839 870 3895 (Heinsius
894 3839 1035 3894 simpliciter
1054 3843 1148 3883 notarat
1166 3852 1219 3884 esse
1241 3839 1266 3882 in

262 3907 319 3952 Vnt.
339 3908 400 3953 Cod.
420 3909 486 3953 Pith.
506 3907 557 3954 lu‘r.
577 3907 637 3968 On.)
655 3930 689 3944 -
706 3907 798 3965 irincp.
818 3911 845 3954 S.
881 3906 920 3965 (l)
937 3922 1015 3969 grave
1033 3907 1141 3953 Omnino
1158 3908 1266 3953 iiisuetic

188 4009 194 4016 .
263 3987 326 4023 onus
344 3977 377 4038 et]
396 3980 447 4035 (Sic
464 3994 489 4036 p.
508 3978 583 4036 Zell.)
595 4001 629 4014 -
636 3982 727 4041 gravis
735 3978 844 4026 Omnino
855 3979 1036 4026 iiunetioonru
1045 3984 1084 4024 ast
1101 3984 1125 4022 at
1141 3979 1172 4025 P.
1191 3977 1265 4034 nN⁰t¹
