2768 4750
57 511 192 573 verba:
239 511 319 574 adeo
341 520 376 571 ut
398 507 430 572 hi
453 507 537 574 Cdd.
563 509 608 585 F,
642 509 692 584 P,
712 491 866 573 'omnium
890 529 953 574 non
978 511 1081 574 solum

58 612 207 676 maxime
235 611 352 688 mutili,
378 611 549 674 sedetiam
571 612 803 676 mendosissimi
828 612 901 676 sint.

123 715 207 779 Iure
230 714 333 800 igitur
350 733 421 778 meo
441 718 519 776 duas
542 727 647 780 statuo
667 712 751 779 Cdd.
768 715 922 791 familias,
948 715 1081 778 alteram

54 821 176 896 BEG,
213 819 346 882 alteram
370 819 498 892 AFP.;
536 818 628 899 prior
650 818 682 881 in
713 819 821 901 primis
852 820 1012 904 sequenda
1034 829 1082 882 est

55 921 213 998 Critico,
238 923 315 997 sed,
339 921 394 984 ubi
408 921 440 983 in
461 921 551 1002 peius
567 921 705 984 deflectit
720 943 756 984 ac
778 923 876 987 veluti
892 913 1077 1008 degenerat,

55 1026 266 1109 corrigenda
282 1045 322 1087 ex
337 1025 383 1087 A.
404 1033 436 1086 et
458 1023 627 1108 aliquando
650 1027 869 1102 ePuteaneo,
892 1047 975 1089 nnnc
991 1025 1079 1091 Cod.

55 1127 172 1212 Regio
203 1129 251 1191 N.
282 1127 377 1190 7886.
400 1125 508 1190 itidem
543 1129 803 1211 Sec.1X.,qui
830 1130 1007 1193 Basileensi
1036 1128 1079 1192 si·

56 1230 217 1294 utillimus
238 1251 308 1294 esse
328 1231 440 1306 dehet,
463 1229 561 1296 immo
580 1231 610 1294 iu
632 1233 739 1295 miultis
761 1232 853 1296 etiam
875 1230 1008 1308 melior,
1033 1230 1081 1295 uti

58 1333 232 1398 coniicere
264 1332 380 1397 licete
416 1335 602 1418 Fragmenti
639 1337 815 1418 Prognost.
848 1335 897 1400 ll.
934 1333 1079 1397 versibus

60 1437 186 1501 1-50.
235 1435 325 1502 Mihi
346 1435 412 1499 eius
438 1457 514 1500 usus
533 1447 665 1520 negatus
686 1448 769 1501 erat.
813 1438 852 1502 In
872 1437 931 1504 FP
952 1457 1079 1501 eorum·
1203 1471 1210 1494 ι

60 1562 126 1626 que
146 1538 310 1604 similibus
330 1537 406 1602 nihil
428 1538 498 1602 lere
521 1552 568 1603 est
590 1539 753 1622 praesidii.
862 1603 864 1608 ,

123 1641 301 1708 Editiones
324 1654 427 1705 autem
455 1655 525 1705 aute
548 1644 735 1709 Grotianam
760 1663 868 1706 omnes
891 1664 908 1707 e
932 1643 1078 1727 principe

60 1747 224 1830 repetitae
253 1757 326 1816 sunt
355 1745 422 1810 sine
449 1747 514 1810 ullo
544 1748 766 1828 supplemento
790 1768 807 1810 e
829 1745 915 1810 Cdd.
941 1748 1077 1824 hausto,

59 1849 119 1913 nisi
144 1850 238 1933 quod
257 1869 337 1910 rrnrrs
360 1849 535 1913 versiculus
557 1850 852 1936 Prognosticorum
875 1851 1008 1936 Fragm.
1028 1851 1076 1914 ll.

60 1975 95 2016 v.
121 1955 201 2016 110.
226 1972 244 2013 a
266 1950 386 2032 Pisano
410 1951 565 2030 omissus,
599 1975 617 2017 a
639 1955 747 2018 nescio
769 1975 834 2038 quo
857 1953 981 2018 editore
1002 1955 1077 2017 Sec.

61 2057 168 2121 XVl.
195 2078 214 2120 e
241 2055 354 2120 codice
383 2056 491 2141 aliquo
514 2055 780 2142 Freihergensis,
812 2058 842 2119 in
863 2078 928 2142 quo
952 2067 1076 2132 exstat,

60 2159 157 2224 simili
177 2171 230 2224 est
251 2157 415 2223 insertos.
448 2161 520 2222 Nec
542 2161 732 2244 quidquam,
758 2163 845 2242 qnod
868 2180 986 2241 operae
1002 2179 1079 2241 pre·

62 2264 139 2326 tium
160 2262 228 2338 sit,
251 2262 283 2324 in
298 2260 337 2324 iis
354 2263 550 2326 emendatum
572 2273 640 2339 est,
664 2283 765 2345 panca
783 2263 835 2325 illa
853 2262 879 2324 si
899 2261 1077 2344 exceperis,

64 2387 147 2449 quae
170 2363 336 2430 Morelius
371 2387 429 2428 nec
456 2385 580 2447 semper
608 2387 770 2449 prospero
802 2385 950 2428 successu
978 2385 1080 2429 uora-

64 2469 124 2532 vit.
169 2467 371 2534 immortalia
397 2489 478 2532 vero
510 2481 583 2532 sunt
607 2469 717 2532 merita
747 2466 857 2532 Grotii
882 2489 979 2550 quum
1000 2489 1080 2551 pro·

64 2583 138 2654 pter·
156 2572 379 2654 supplementa
400 2592 419 2634 e
438 2569 502 2635 Cd.
527 2573 570 2634 G.
595 2571 710 2649 ascita,
733 2583 801 2634 tum
819 2581 955 2655 propter
972 2591 1079 2635 emen·

7 2677 9 2682 ’
66 2676 215 2740 dationes
242 2675 432 2759 plerumque
458 2674 697 2760 sagacissimas,
740 2695 819 2760 quas
852 2694 975 2741 summo
1009 2673 1077 2738 eius

65 2777 199 2864 iugenio
216 2779 378 2842 dehemus.
423 2779 505 2842 Nam
522 2777 579 2842 vix
597 2781 759 2856 adducor,
784 2789 819 2842 ut
830 2781 976 2855 credam,
990 2781 1091 2862 quod'

68 2882 224 2946 Barthius
252 2880 515 2946 inconsideratius
543 2905 637 2968 quam
671 2881 838 2964 malignius
870 2881 985 2946 eliutiit
1006 2882 1078 2946 Aa·

67 3004 174 3048 versa.
200 2981 279 3046 Lib.
303 2983 454 3048 XLVII.
478 3006 509 3046 c.
535 2985 586 3048 18.
609 3007 645 3067 p.
662 2985 779 3048 2922:
803 2985 983 3066 „Iosephus
999 2987 1091 3048 Sca-2

69 3087 153 3171 liger
174 3088 241 3152 sine
261 3087 326 3151 ulla
355 3089 577 3153 controversia
605 3100 718 3152 auctor
745 3099 793 3152 est
816 3098 962 3150 notarum
988 3087 1077 3152 Gro-

69 3190 264 3256 tiauarum.”
308 3191 378 3254 Nec
389 3191 621 3254 defraudandus
640 3191 721 3255 irrata
734 3191 828 3254 laude
840 3190 1074 3268 schwartzius,

71 3295 126 3377 qui
147 3295 209 3362 etsi
232 3295 379 3359 nonnulla
402 3294 550 3358 audacius
572 3295 734 3372 tentavit,
764 3295 855 3358 locos
884 3303 988 3357 tamen
1019 3294 1076 3358 ali·

72 3410 152 3481 quot
179 3399 315 3483 pessime
344 3397 477 3462 affectos
509 3397 646 3460 sanavit.
703 3398 754 3462 De
786 3397 904 3462 Buhlio
933 3420 998 3463 non
1028 3409 1077 3462 est

71 3505 159 3584 quod
179 3504 361 3587 loquamur.
404 3499 493 3564 Nihil
508 3501 599 3563 'aliud
620 3499 701 3563 enim
712 3500 897 3583 praestitit,
922 3522 1014 3586 quam
1038 3512 1073 3564 ut

71 3601 226 3669 interdum
242 3603 319 3670 satis
333 3625 487 3686 perverse
512 3603 621 3668 Grotii
635 3604 854 3670 annotationes
876 3616 928 3668 aut
949 3614 1076 3687 repete·

72 3719 120 3769 ret
141 3720 195 3774 aut
215 3708 248 3773 in
271 3707 490 3790 compendium
513 3707 692 3793 redigeret(
710 3713 736 3788 ).

125 3890 162 3952 (³)
180 3896 315 3941 Notandum
333 3899 370 3941 est
387 3907 413 3953 g.
433 3892 567 3954 significare
586 3894 666 3940 Grotii
685 3901 843 3950 contextum,
869 3895 894 3940 h.
919 3893 997 3940 Buhlli
1015 3908 1073 3953 eqn-

75 3966 187 4022 textum
212 3979 327 4024 persaepe
354 3966 446 4011 scilicet
468 3966 580 4010 iudicium
604 3965 628 4009 iu
647 3965 770 4011 Anuolatt.
793 3965 872 4011 Bohlli
896 3966 1015 4021 prolatum
1030 3967 1075 4011 dil-

76 4030 122 4077 terr
139 4037 168 4082 ah
185 4037 259 4095 ipsius
277 4040 408 4084 contum:
429 4049 450 4082 s.
470 4041 507 4081 est
525 4035 692 4082 Schwartaius.
