2796 4746
301 375 363 439 226

301 518 400 580 Hunc
422 535 500 599 ager
522 537 593 580 cum
615 515 854 598 parturiret
875 514 943 596 ipsa
967 515 1107 596 suscepit
1129 513 1218 576 sind

300 621 376 701 ipsa
398 619 515 682 florum
539 617 739 703 deligatis
763 618 908 680 educavit
931 601 1049 681 usculis
1263 696 1266 699 ῃ

304 721 387 786 Cras
404 733 485 784 eruet
501 721 555 806 qui
570 743 730 806 nunquam
747 721 865 788 amarit
880 719 999 804 quique
1015 719 1132 787 amavit
1147 741 1217 783 cras
1229 732 1307 786 amet

302 827 388 888 Ecce
410 825 472 890 iarn
496 845 594 907 super
617 838 765 909 genestae
788 824 928 907 explicat
949 823 1033 892 aonii
1056 826 1137 888 letus

306 930 449 1012 Quisque
472 939 586 993 tutus
609 950 674 1012 quo
697 925 1060 1012 tenetur'couiugali
1082 928 1248 993 saedere

304 1033 424 1094 Subter
440 1032 567 1093 umbras
590 1053 660 1096 cum
677 1030 797 1094 maritis
820 1052 912 1094 ecce
934 1032 1143 1098 balantum
1166 1030 1304 1116 gregis

304 1135 349 1196 Et
371 1133 549 1208 c'anoras
572 1153 637 1196 uon
659 1145 767 1198 tacere
790 1133 863 1227 diva
886 1134 977 1197 iussit
999 1133 1088 1197 alites

306 1237 374 1304 Iam
396 1237 549 1321 loquaces
564 1256 623 1302 ore
638 1258 736 1304 rauco
761 1247 821 1300 sta
831 1259 852 1300 u
861 1259 936 1322 gna
951 1239 1044 1321 quiu
1056 1239 1092 1303 ui
1109 1249 1304 1321 perstrepunt

304 1343 492 1405 Adsouat
514 1339 624 1407 terei
647 1341 779 1421 puella
802 1343 944 1404 subter
966 1343 1108 1408 umbram
1132 1341 1278 1428 populi

304 1445 350 1508 Ut
371 1456 490 1525 putes
512 1455 617 1510 molus
639 1443 756 1509 amoris
780 1465 839 1511 ore
862 1443 1028 1509 dicimus
1051 1445 1139 1509 sico

306 1547 357 1615 Et
379 1567 477 1631 neges
500 1546 635 1632 queris
659 1567 807 1611 sororem
831 1551 869 1610 de
893 1549 1008 1616 marito
1031 1552 1173 1615 barbaro

305 1650 366 1713 ltta
387 1661 493 1714 cantat
515 1671 573 1714 nos
595 1661 733 1714 tacemus
756 1673 859 1734 quan
882 1651 945 1714 vir
968 1653 1054 1720 venit
1076 1673 1177 1716 meum

307 1753 444 1835 Quando
465 1753 562 1820 fiam
584 1766 625 1821 ut
647 1754 891 1821 caelidonut
912 1767 1057 1822 tacere
1079 1756 1219 1822 desinam

306 1854 526 1920 Perdimus
549 1879 606 1924 aru
628 1861 804 1925 tacendo
829 1879 900 1922 uec
922 1881 972 1923 me
994 1859 1110 1923 foebus
1132 1861 1262 1942 respicit

309 1959 362 2022 Sic
383 1960 554 2028 amiclas
576 1983 648 2030 cum
671 1972 791 2024 taceret
813 1961 1010 2044 perdedit
1032 1964 1190 2027 silentium

309 2062 543 2146 Crasametqui
557 2086 716 2149 uunquam
733 2065 852 2133 amavit
866 2065 984 2149 quique
1000 2067 1116 2132 amavit
1131 2087 1202 2129 cras
1217 2077 1302 2129 amet.

359 2267 402 2316 91.
421 2265 566 2335 Perdimur]
585 2283 599 2317 a
617 2281 667 2320 sec,
687 2281 720 2318 in.
740 2281 863 2328 supersum
884 2266 927 2329 ‘1⁵2'
946 2276 970 2315 ut
989 2270 1020 2316 sit
1035 2268 1203 2332 perdidimus,
