<?xml version="1.0" encoding="UTF-8"?>
<!DOCTYPE html PUBLIC "-//W3C//DTD XHTML 1.0 Transitional//EN"
    "http://www.w3.org/TR/xhtml1/DTD/xhtml1-transitional.dtd">
<html xmlns="http://www.w3.org/1999/xhtml" xml:lang="en" lang="en">
 <head>
  <title>
</title>
<meta http-equiv="Content-Type" content="text/html;charset=utf-8" />
  <meta name='ocr-system' content='tesseract 3.04.00' />
  <meta name='ocr-capabilities' content='ocr_page ocr_carea ocr_par ocr_line ocrx_word'/>
</head>
<body>
  <div class='ocr_page' id='page_1' title='image "./fabulaesopiae00phaegoog_0243.png"; bbox 0 0 2796 4746; ppageno 0'>
   <div class='ocr_carea' id='block_1_1' title="bbox 540 990 1075 1061">
    <p class='ocr_par' dir='ltr' id='par_1_1' title="bbox 540 990 1075 1061">
     <span class='ocr_line' id='line_1_1' title="bbox 540 990 1075 1061; baseline -0.004 -1"><span class='ocrx_word' id='word_1_1' title='bbox 540 990 1075 1061; x_wconf 80' lang='lat' dir='ltr'><strong>ANNOTATIONES.</strong></span> 
     </span>
    </p>
   </div>
   <div class='ocr_carea' id='block_1_2' title="bbox 716 1164 902 1178">
    <p class='ocr_par' dir='ltr' id='par_1_2' title="bbox 716 1164 902 1178">
     <span class='ocr_line' id='line_1_2' title="bbox 716 1164 902 1178; baseline -0.011 0"><span class='ocrx_word' id='word_1_2' title='bbox 716 1164 902 1178; x_wconf 50' lang='grc' dir='ltr'><strong>*ἡὴ-*η-</strong></span> 
     </span>
    </p>
   </div>
   <div class='ocr_carea' id='block_1_3' title="bbox 307 1298 1306 2060">
    <p class='ocr_par' dir='ltr' id='par_1_3' title="bbox 307 1298 1306 2060">
     <span class='ocr_line' id='line_1_3' title="bbox 359 1298 1299 1359; baseline -0.003 -12"><span class='ocrx_word' id='word_1_3' title='bbox 359 1302 449 1347; x_wconf 83' lang='lat' dir='ltr'><strong>Vers.</strong></span> <span class='ocrx_word' id='word_1_4' title='bbox 470 1299 510 1359; x_wconf 78' lang='lat'><strong>(2)</strong></span> <span class='ocrx_word' id='word_1_5' title='bbox 529 1313 571 1346; x_wconf 79' lang='lat' dir='ltr'><strong>ner</strong></span> <span class='ocrx_word' id='word_1_6' title='bbox 583 1300 768 1346; x_wconf 81' lang='lat' dir='ltr'><strong>renuiuaorbie</strong></span> <span class='ocrx_word' id='word_1_7' title='bbox 779 1298 828 1358; x_wconf 81' lang='lat' dir='ltr'><strong>eet]</strong></span> <span class='ocrx_word' id='word_1_8' title='bbox 846 1301 913 1357; x_wconf 81' lang='lat' dir='ltr'><strong>Llps.</strong></span> <span class='ocrx_word' id='word_1_9' title='bbox 950 1299 1004 1346; x_wconf 78' lang='lat' dir='ltr'><strong>vni</strong></span> <span class='ocrx_word' id='word_1_10' title='bbox 1022 1301 1086 1344; x_wconf 88' lang='lat' dir='ltr'><strong>docti</strong></span> <span class='ocrx_word' id='word_1_11' title='bbox 1109 1307 1189 1345; x_wconf 87' lang='lat' dir='ltr'><strong>autem</strong></span> <span class='ocrx_word' id='word_1_12' title='bbox 1203 1303 1225 1346; x_wconf 90' lang='lat' dir='ltr'><strong>in</strong></span> <span class='ocrx_word' id='word_1_13' title='bbox 1240 1302 1299 1345; x_wconf 76' lang='lat' dir='ltr'><strong>Anat.</strong></span> 
     </span>
     <span class='ocr_line' id='line_1_4' title="bbox 308 1371 1300 1429; baseline -0.004 -12"><span class='ocrx_word' id='word_1_14' title='bbox 308 1371 392 1417; x_wconf 85' lang='lat' dir='ltr'><strong>Wolbi</strong></span> <span class='ocrx_word' id='word_1_15' title='bbox 408 1373 542 1416; x_wconf 86' lang='lat' dir='ltr'><strong>distinctio:</strong></span> <span class='ocrx_word' id='word_1_16' title='bbox 572 1385 628 1426; x_wconf 83' lang='lat' dir='ltr'><strong>eer,</strong></span> <span class='ocrx_word' id='word_1_17' title='bbox 654 1377 758 1416; x_wconf 73' lang='lat' dir='ltr'><strong>renatus</strong></span> <span class='ocrx_word' id='word_1_18' title='bbox 779 1371 863 1424; x_wconf 76' lang='lat' dir='ltr'><strong>urbia,</strong></span> <span class='ocrx_word' id='word_1_19' title='bbox 884 1375 922 1415; x_wconf 85' lang='lat' dir='ltr'><strong>eat</strong></span> <span class='ocrx_word' id='word_1_20' title='bbox 939 1371 996 1416; x_wconf 89' lang='lat' dir='ltr'><strong>mibi</strong></span> <span class='ocrx_word' id='word_1_21' title='bbox 1011 1372 1120 1428; x_wconf 72' lang='lat' dir='ltr'><strong>argutior</strong></span> <span class='ocrx_word' id='word_1_22' title='bbox 1139 1387 1209 1429; x_wconf 80' lang='lat' dir='ltr'><strong>quam</strong></span> <span class='ocrx_word' id='word_1_23' title='bbox 1231 1374 1300 1418; x_wconf 81' lang='lat' dir='ltr'><strong>verior</strong></span> 
     </span>
     <span class='ocr_line' id='line_1_5' title="bbox 307 1441 1303 1498; baseline -0.005 -10"><span class='ocrx_word' id='word_1_24' title='bbox 307 1445 411 1488; x_wconf 82' lang='lat' dir='ltr'><strong>videtur.</strong></span> <span class='ocrx_word' id='word_1_25' title='bbox 449 1441 509 1486; x_wconf 87' lang='lat' dir='ltr'><strong>Nam</strong></span> <span class='ocrx_word' id='word_1_26' title='bbox 533 1447 574 1486; x_wconf 86' lang='lat' dir='ltr'><strong>aut</strong></span> <span class='ocrx_word' id='word_1_27' title='bbox 591 1443 733 1496; x_wconf 85' lang='lat' dir='ltr'><strong>simpliciter</strong></span> <span class='ocrx_word' id='word_1_28' title='bbox 753 1442 788 1485; x_wconf 87' lang='grc'><strong>111</strong></span> <span class='ocrx_word' id='word_1_29' title='bbox 809 1442 987 1496; x_wconf 83' lang='lat' dir='ltr'><strong>accipiendum,</strong></span> <span class='ocrx_word' id='word_1_30' title='bbox 1009 1447 1033 1485; x_wconf 93' lang='lat' dir='ltr'><strong>ut</strong></span> <span class='ocrx_word' id='word_1_31' title='bbox 1051 1443 1125 1486; x_wconf 81' lang='lat' dir='ltr'><strong>voluit</strong></span> <span class='ocrx_word' id='word_1_32' title='bbox 1142 1443 1253 1498; x_wconf 75' lang='lat' dir='ltr'>Lipsius,</span> <span class='ocrx_word' id='word_1_33' title='bbox 1270 1446 1303 1484; x_wconf 83' lang='lat' dir='ltr'><strong>ant</strong></span> 
     </span>
     <span class='ocr_line' id='line_1_6' title="bbox 309 1509 1301 1572; baseline -0.005 -14"><span class='ocrx_word' id='word_1_34' title='bbox 309 1515 374 1572; x_wconf 77' lang='lat' dir='ltr'><strong>teg.:</strong></span> <span class='ocrx_word' id='word_1_35' title='bbox 393 1529 428 1546; x_wconf 92' lang='lat'><strong>···</strong></span> <span class='ocrx_word' id='word_1_36' title='bbox 446 1525 502 1562; x_wconf 78' lang='lat' dir='ltr'><strong>pere</strong></span> <span class='ocrx_word' id='word_1_37' title='bbox 520 1518 594 1557; x_wconf 75' lang='lat' dir='ltr'><strong>riatur</strong></span> <span class='ocrx_word' id='word_1_38' title='bbox 606 1512 726 1556; x_wconf 81' lang='lat' dir='ltr'><strong>orbieeat</strong></span> <span class='ocrx_word' id='word_1_39' title='bbox 743 1525 796 1555; x_wconf 89' lang='lat' dir='ltr'><strong>cum</strong></span> <span class='ocrx_word' id='word_1_40' title='bbox 810 1511 923 1555; x_wconf 84' lang='lat' dir='ltr'><strong>Pltboeo.</strong></span> <span class='ocrx_word' id='word_1_41' title='bbox 960 1509 1004 1572; x_wconf 78' lang='lat'><strong>(6)</strong></span> <span class='ocrx_word' id='word_1_42' title='bbox 1022 1511 1108 1568; x_wconf 75' lang='lat' dir='ltr'><strong>curua]</strong></span> <span class='ocrx_word' id='word_1_43' title='bbox 1122 1509 1188 1556; x_wconf 86' lang='lat' dir='ltr'><strong>Pitb.</strong></span> <span class='ocrx_word' id='word_1_44' title='bbox 1209 1529 1222 1558; x_wconf 89' lang='grc'><strong>1</strong></span> <span class='ocrx_word' id='word_1_45' title='bbox 1242 1526 1301 1556; x_wconf 78' lang='lat' dir='ltr'><strong>versu</strong></span> 
     </span>
     <span class='ocr_line' id='line_1_7' title="bbox 310 1581 1303 1642; baseline -0.003 -15"><span class='ocrx_word' id='word_1_46' title='bbox 310 1581 352 1628; x_wconf 73' lang='lat'><strong>43.</strong></span> <span class='ocrx_word' id='word_1_47' title='bbox 389 1593 471 1642; x_wconf 73' lang='lat' dir='ltr'><strong>gazae</strong></span> <span class='ocrx_word' id='word_1_48' title='bbox 493 1582 590 1628; x_wconf 86' lang='lat' dir='ltr'><strong>retinuit</strong></span> <span class='ocrx_word' id='word_1_49' title='bbox 613 1598 640 1628; x_wconf 86' lang='lat' dir='ltr'><strong>ac</strong></span> <span class='ocrx_word' id='word_1_50' title='bbox 667 1584 788 1627; x_wconf 86' lang='lat' dir='ltr'><strong>vindicare</strong></span> <span class='ocrx_word' id='word_1_51' title='bbox 815 1583 913 1626; x_wconf 83' lang='lat' dir='ltr'><strong>tentavit</strong></span> <span class='ocrx_word' id='word_1_52' title='bbox 936 1581 1050 1628; x_wconf 83' lang='lat' dir='ltr'><strong>Schutze:</strong></span> <span class='ocrx_word' id='word_1_53' title='bbox 1082 1583 1199 1636; x_wconf 76' lang='lat' dir='ltr'><strong>„Myrtea</strong></span> <span class='ocrx_word' id='word_1_54' title='bbox 1219 1586 1303 1628; x_wconf 82' lang='lat' dir='ltr'><strong>umbra-</strong></span> 
     </span>
     <span class='ocr_line' id='line_1_8' title="bbox 309 1651 1303 1712; baseline -0.003 -14"><span class='ocrx_word' id='word_1_55' title='bbox 309 1655 377 1706; x_wconf 84' lang='lat' dir='ltr'><strong>cula,</strong></span> <span class='ocrx_word' id='word_1_56' title='bbox 404 1653 493 1710; x_wconf 83' lang='lat' dir='ltr'><strong>inquit,</strong></span> <span class='ocrx_word' id='word_1_57' title='bbox 524 1659 578 1712; x_wconf 83' lang='lat' dir='ltr'><strong>sunt</strong></span> <span class='ocrx_word' id='word_1_58' title='bbox 595 1657 661 1711; x_wconf 88' lang='lat' dir='ltr'><strong>quasi</strong></span> <span class='ocrx_word' id='word_1_59' title='bbox 679 1665 776 1712; x_wconf 78' lang='lat' dir='ltr'><strong>gazae,</strong></span> <span class='ocrx_word' id='word_1_60' title='bbox 805 1652 891 1709; x_wconf 86' lang='lat' dir='ltr'><strong>quibus</strong></span> <span class='ocrx_word' id='word_1_61' title='bbox 909 1651 982 1696; x_wconf 84' lang='lat' dir='ltr'><strong>flores</strong></span> <span class='ocrx_word' id='word_1_62' title='bbox 1002 1651 1153 1710; x_wconf 79' lang='lat' dir='ltr'>herbaeque,</span> <span class='ocrx_word' id='word_1_63' title='bbox 1178 1655 1303 1698; x_wconf 73' lang='grc'>11111111-</span> 
     </span>
     <span class='ocr_line' id='line_1_9' title="bbox 309 1722 1305 1782; baseline -0.006 -12"><span class='ocrx_word' id='word_1_64' title='bbox 309 1724 389 1776; x_wconf 78' lang='lat' dir='ltr'><strong>sauri,</strong></span> <span class='ocrx_word' id='word_1_65' title='bbox 410 1723 588 1770; x_wconf 84' lang='lat' dir='ltr'><strong>continentur.”</strong></span> <span class='ocrx_word' id='word_1_66' title='bbox 622 1723 730 1767; x_wconf 74' lang='lat' dir='ltr'><strong>Attamen</strong></span> <span class='ocrx_word' id='word_1_67' title='bbox 750 1723 821 1766; x_wconf 82' lang='lat' dir='ltr'><strong>etiam</strong></span> <span class='ocrx_word' id='word_1_68' title='bbox 836 1722 861 1766; x_wconf 87' lang='lat' dir='ltr'><strong>in</strong></span> <span class='ocrx_word' id='word_1_69' title='bbox 880 1722 924 1766; x_wconf 85' lang='lat' dir='ltr'><strong>boc</strong></span> <span class='ocrx_word' id='word_1_70' title='bbox 942 1725 1013 1777; x_wconf 74' lang='lat' dir='ltr'><strong>potita</strong></span> <span class='ocrx_word' id='word_1_71' title='bbox 1028 1722 1074 1766; x_wconf 92' lang='lat' dir='ltr'><strong>hoc</strong></span> <span class='ocrx_word' id='word_1_72' title='bbox 1092 1725 1164 1768; x_wconf 81' lang='lat' dir='ltr'><strong>ninnis</strong></span> <span class='ocrx_word' id='word_1_73' title='bbox 1180 1725 1305 1782; x_wconf 87' lang='lat' dir='ltr'><strong>quaesitum</strong></span> 
     </span>
     <span class='ocr_line' id='line_1_10' title="bbox 309 1787 1306 1854; baseline -0.003 -16"><span class='ocrx_word' id='word_1_74' title='bbox 309 1794 412 1838; x_wconf 81' lang='lat' dir='ltr'><strong>videtur.</strong></span> <span class='ocrx_word' id='word_1_75' title='bbox 450 1788 492 1851; x_wconf 82' lang='lat'><strong>(7)</strong></span> <span class='ocrx_word' id='word_1_76' title='bbox 522 1799 576 1837; x_wconf 89' lang='lat' dir='ltr'><strong>toro</strong></span> <span class='ocrx_word' id='word_1_77' title='bbox 596 1793 666 1848; x_wconf 83' lang='lat' dir='ltr'><strong>Lips.</strong></span> <span class='ocrx_word' id='word_1_78' title='bbox 703 1787 741 1849; x_wconf 82' lang='grc'><strong>(9)</strong></span> <span class='ocrx_word' id='word_1_79' title='bbox 766 1805 875 1850; x_wconf 83' lang='lat' dir='ltr'><strong>auperno</strong></span> <span class='ocrx_word' id='word_1_80' title='bbox 895 1792 986 1839; x_wconf 84' lang='lat' dir='ltr'><strong>Douza.</strong></span> <span class='ocrx_word' id='word_1_81' title='bbox 1022 1791 1084 1845; x_wconf 83' lang='lat' dir='ltr'><strong>(lb.)</strong></span> <span class='ocrx_word' id='word_1_82' title='bbox 1102 1814 1137 1828; x_wconf 90' lang='grc'>-</span> <span class='ocrx_word' id='word_1_83' title='bbox 1155 1809 1185 1837; x_wconf 79' lang='lat' dir='ltr'><strong>uc</strong></span> <span class='ocrx_word' id='word_1_84' title='bbox 1206 1789 1306 1854; x_wconf 71' lang='lat' dir='ltr'><strong>spureo]</strong></span> 
     </span>
     <span class='ocr_line' id='line_1_11' title="bbox 309 1861 1306 1915; baseline 0.002 -7"><span class='ocrx_word' id='word_1_85' title='bbox 309 1865 445 1908; x_wconf 84' lang='lat' dir='ltr'><strong>Praeeunte</strong></span> <span class='ocrx_word' id='word_1_86' title='bbox 465 1864 548 1908; x_wconf 86' lang='lat' dir='ltr'><strong>Douzn</strong></span> <span class='ocrx_word' id='word_1_87' title='bbox 569 1867 592 1908; x_wconf 88' lang='lat' dir='ltr'><strong>et</strong></span> <span class='ocrx_word' id='word_1_88' title='bbox 604 1863 706 1915; x_wconf 83' lang='lat' dir='ltr'><strong>ltivino,</strong></span> <span class='ocrx_word' id='word_1_89' title='bbox 726 1863 836 1906; x_wconf 80' lang='lat' dir='ltr'><strong>senadon</strong></span> <span class='ocrx_word' id='word_1_90' title='bbox 853 1867 877 1906; x_wconf 88' lang='grc'><strong>11</strong></span> <span class='ocrx_word' id='word_1_91' title='bbox 895 1861 1021 1906; x_wconf 87' lang='lat' dir='ltr'><strong>Schulzee</strong></span> <span class='ocrx_word' id='word_1_92' title='bbox 1040 1864 1094 1906; x_wconf 89' lang='lat' dir='ltr'><strong>lect.</strong></span> <span class='ocrx_word' id='word_1_93' title='bbox 1116 1863 1263 1910; x_wconf 66' lang='lat' dir='ltr'><strong>(lu-Pub:</strong></span> <span class='ocrx_word' id='word_1_94' title='bbox 1280 1886 1306 1896; x_wconf 92' lang='lat'>-</span> 
     </span>
     <span class='ocr_line' id='line_1_12' title="bbox 310 1931 1306 1992; baseline -0.003 -14"><span class='ocrx_word' id='word_1_95' title='bbox 310 1933 419 1991; x_wconf 68' lang='lat' dir='ltr'><strong>desuper</strong></span> <span class='ocrx_word' id='word_1_96' title='bbox 438 1931 485 1978; x_wconf 81' lang='lat' dir='ltr'><strong>leuc</strong></span> <span class='ocrx_word' id='word_1_97' title='bbox 507 1946 619 1990; x_wconf 74' lang='lat' dir='ltr'><strong>spumeo.</strong></span> <span class='ocrx_word' id='word_1_98' title='bbox 657 1933 704 1977; x_wconf 88' lang='lat' dir='ltr'><strong>Sed</strong></span> <span class='ocrx_word' id='word_1_99' title='bbox 719 1933 796 1976; x_wconf 75' lang='lat' dir='ltr'><strong>omnis</strong></span> <span class='ocrx_word' id='word_1_100' title='bbox 815 1934 935 1986; x_wconf 77' lang='lat' dir='ltr'><strong>copulatio</strong></span> <span class='ocrx_word' id='word_1_101' title='bbox 954 1931 1091 1987; x_wconf 78' lang='lat' dir='ltr'><strong>eiusmodi,</strong></span> <span class='ocrx_word' id='word_1_102' title='bbox 1111 1939 1136 1978; x_wconf 90' lang='lat' dir='ltr'><strong>et</strong></span> <span class='ocrx_word' id='word_1_103' title='bbox 1158 1949 1186 1980; x_wconf 85' lang='lat' dir='ltr'><strong>ea</strong></span> <span class='ocrx_word' id='word_1_104' title='bbox 1209 1948 1306 1992; x_wconf 85' lang='lat' dir='ltr'><strong>praeser-</strong></span> 
     </span>
     <span class='ocr_line' id='line_1_13' title="bbox 312 1996 1306 2060; baseline -0.002 -12"><span class='ocrx_word' id='word_1_105' title='bbox 312 2007 371 2057; x_wconf 90' lang='lat' dir='ltr'><strong>tim,</strong></span> <span class='ocrx_word' id='word_1_106' title='bbox 397 2017 466 2060; x_wconf 83' lang='lat' dir='ltr'><strong>quam</strong></span> <span class='ocrx_word' id='word_1_107' title='bbox 485 2005 611 2048; x_wconf 86' lang='lat' dir='ltr'><strong>votuerunt</strong></span> <span class='ocrx_word' id='word_1_108' title='bbox 631 2001 727 2048; x_wconf 82' lang='lat' dir='ltr'><strong>efficere</strong></span> <span class='ocrx_word' id='word_1_109' title='bbox 746 2015 788 2057; x_wconf 88' lang='lat' dir='ltr'><strong>per</strong></span> <span class='ocrx_word' id='word_1_110' title='bbox 803 2003 945 2054; x_wconf 71' lang='lat' dir='ltr'><strong>particulam</strong></span> <span class='ocrx_word' id='word_1_111' title='bbox 959 2016 1005 2049; x_wconf 77' lang='lat' dir='ltr'><strong>uc.</strong></span> <span class='ocrx_word' id='word_1_112' title='bbox 1026 1996 1063 2048; x_wconf 82' lang='lat' dir='ltr'><strong>bic</strong></span> <span class='ocrx_word' id='word_1_113' title='bbox 1081 2004 1211 2049; x_wconf 75' lang='lat' dir='ltr'><strong>admodum</strong></span> <span class='ocrx_word' id='word_1_114' title='bbox 1227 2007 1306 2050; x_wconf 77' lang='lat' dir='ltr'><strong>ridetur</strong></span> 
     </span>
    </p>
   </div>
   <div class='ocr_carea' id='block_1_4' title="bbox 313 2069 1381 2132">
    <p class='ocr_par' dir='ltr' id='par_1_4' title="bbox 313 2069 1381 2132">
     <span class='ocr_line' id='line_1_14' title="bbox 313 2069 1381 2132; baseline -0.003 -14"><span class='ocrx_word' id='word_1_115' title='bbox 313 2075 436 2132; x_wconf 77' lang='lat' dir='ltr'><strong>languere.</strong></span> <span class='ocrx_word' id='word_1_116' title='bbox 474 2073 534 2119; x_wconf 86' lang='lat' dir='ltr'><strong>Est:</strong></span> <span class='ocrx_word' id='word_1_117' title='bbox 554 2074 582 2118; x_wconf 86' lang='lat' dir='ltr'><strong>in</strong></span> <span class='ocrx_word' id='word_1_118' title='bbox 599 2086 703 2130; x_wconf 82' lang='lat' dir='ltr'><strong>apumeo</strong></span> <span class='ocrx_word' id='word_1_119' title='bbox 720 2069 974 2131; x_wconf 72' lang='lat' dir='ltr'><strong>globoquasinatmd</strong></span> <span class='ocrx_word' id='word_1_120' title='bbox 993 2073 1114 2117; x_wconf 74' lang='lat' dir='ltr'><strong>muliebri.</strong></span> <span class='ocrx_word' id='word_1_121' title='bbox 1151 2075 1238 2120; x_wconf 78' lang='lat' dir='ltr'><strong>Ilouza</strong></span> <span class='ocrx_word' id='word_1_122' title='bbox 1255 2075 1306 2117; x_wconf 80' lang='lat' dir='ltr'><strong>rolr-</strong></span> <span class='ocrx_word' id='word_1_123' title='bbox 1380 2090 1381 2112; x_wconf 71' lang='grc'><strong>1</strong></span> 
     </span>
    </p>
   </div>
   <div class='ocr_carea' id='block_1_5' title="bbox 312 2140 1382 2272">
    <p class='ocr_par' dir='ltr' id='par_1_5' title="bbox 312 2140 1382 2272">
     <span class='ocr_line' id='line_1_15' title="bbox 313 2140 1382 2205; baseline -0.001 -18"><span class='ocrx_word' id='word_1_124' title='bbox 313 2144 368 2189; x_wconf 88' lang='lat' dir='ltr'><strong>bat:</strong></span> <span class='ocrx_word' id='word_1_125' title='bbox 388 2158 418 2188; x_wconf 80' lang='lat' dir='ltr'><strong>ue</strong></span> <span class='ocrx_word' id='word_1_126' title='bbox 437 2157 539 2202; x_wconf 79' lang='lat' dir='ltr'><strong>apameo</strong></span> <span class='ocrx_word' id='word_1_127' title='bbox 550 2144 649 2203; x_wconf 77' lang='lat' dir='ltr'><strong>pontia</strong></span> <span class='ocrx_word' id='word_1_128' title='bbox 667 2142 750 2205; x_wconf 80' lang='lat' dir='ltr'><strong>globo.</strong></span> <span class='ocrx_word' id='word_1_129' title='bbox 772 2142 885 2188; x_wconf 88' lang='lat' dir='ltr'><strong>Ceterum</strong></span> <span class='ocrx_word' id='word_1_130' title='bbox 905 2143 991 2198; x_wconf 81' lang='lat' dir='ltr'><strong>scripsi</strong></span> <span class='ocrx_word' id='word_1_131' title='bbox 1004 2142 1103 2188; x_wconf 84' lang='lat' dir='ltr'><strong>Dionen</strong></span> <span class='ocrx_word' id='word_1_132' title='bbox 1116 2157 1160 2199; x_wconf 90' lang='lat' dir='ltr'><strong>pro</strong></span> <span class='ocrx_word' id='word_1_133' title='bbox 1174 2145 1243 2192; x_wconf 88' lang='lat' dir='ltr'><strong>Cett.</strong></span> <span class='ocrx_word' id='word_1_134' title='bbox 1258 2143 1305 2189; x_wconf 83' lang='lat' dir='ltr'><strong>Dic·</strong></span> <span class='ocrx_word' id='word_1_135' title='bbox 1381 2140 1382 2148; x_wconf 72' lang='grc'>’</span> 
     </span>
     <span class='ocr_line' id='line_1_16' title="bbox 312 2212 1302 2272; baseline -0.003 -14"><span class='ocrx_word' id='word_1_136' title='bbox 312 2228 379 2260; x_wconf 81' lang='lat' dir='ltr'><strong>nem.</strong></span> <span class='ocrx_word' id='word_1_137' title='bbox 416 2212 471 2272; x_wconf 86' lang='lat'>(11)</span> <span class='ocrx_word' id='word_1_138' title='bbox 489 2213 520 2258; x_wconf 78' lang='lat' dir='ltr'><strong>de</strong></span> <span class='ocrx_word' id='word_1_139' title='bbox 536 2213 655 2272; x_wconf 72' lang='lat' dir='ltr'><strong>murinis]</strong></span> <span class='ocrx_word' id='word_1_140' title='bbox 675 2213 811 2258; x_wconf 70' lang='lat' dir='ltr'><strong>dubitanter</strong></span> <span class='ocrx_word' id='word_1_141' title='bbox 828 2214 938 2257; x_wconf 78' lang='lat' dir='ltr'><strong>Rivinus.</strong></span> <span class='ocrx_word' id='word_1_142' title='bbox 974 2213 1114 2258; x_wconf 87' lang='lat' dir='ltr'><strong>Probaruut</strong></span> <span class='ocrx_word' id='word_1_143' title='bbox 1127 2215 1244 2272; x_wconf 84' lang='lat' dir='ltr'><strong>Scbnlze,</strong></span> <span class='ocrx_word' id='word_1_144' title='bbox 1261 2215 1302 2258; x_wconf 79' lang='lat' dir='ltr'><strong>bin·</strong></span> 
     </span>
    </p>
   </div>
   <div class='ocr_carea' id='block_1_6' title="bbox 312 2283 1386 2344">
    <p class='ocr_par' dir='ltr' id='par_1_6' title="bbox 312 2283 1386 2344">
     <span class='ocr_line' id='line_1_17' title="bbox 312 2283 1386 2344; baseline -0.003 -16"><span class='ocrx_word' id='word_1_145' title='bbox 312 2286 393 2339; x_wconf 76' lang='lat' dir='ltr'><strong>dem,</strong></span> <span class='ocrx_word' id='word_1_146' title='bbox 422 2285 515 2344; x_wconf 76' lang='lat' dir='ltr'><strong>lligler.</strong></span> <span class='ocrx_word' id='word_1_147' title='bbox 552 2285 653 2328; x_wconf 86' lang='lat' dir='ltr'><strong>Multam</strong></span> <span class='ocrx_word' id='word_1_148' title='bbox 672 2288 726 2338; x_wconf 76' lang='lat' dir='ltr'><strong>poet</strong></span> <span class='ocrx_word' id='word_1_149' title='bbox 755 2283 927 2328; x_wconf 71' lang='lat' dir='ltr'><strong>dubitationem</strong></span> <span class='ocrx_word' id='word_1_150' title='bbox 955 2295 999 2342; x_wconf 75' lang='lat' dir='ltr'><strong>ego</strong></span> <span class='ocrx_word' id='word_1_151' title='bbox 1017 2297 1110 2343; x_wconf 83' lang='lat' dir='ltr'><strong>quoqne</strong></span> <span class='ocrx_word' id='word_1_152' title='bbox 1135 2285 1177 2330; x_wconf 80' lang='lat' dir='ltr'><strong>bas</strong></span> <span class='ocrx_word' id='word_1_153' title='bbox 1193 2287 1219 2331; x_wconf 91' lang='lat' dir='ltr'><strong>in</strong></span> <span class='ocrx_word' id='word_1_154' title='bbox 1242 2289 1300 2343; x_wconf 83' lang='lat' dir='ltr'><strong>partu</strong></span> <span class='ocrx_word' id='word_1_155' title='bbox 1385 2334 1386 2338; x_wconf 10' lang='grc' dir='ltr'><strong>Ἰ</strong></span> 
     </span>
    </p>
   </div>
   <div class='ocr_carea' id='block_1_7' title="bbox 313 2351 1315 2763">
    <p class='ocr_par' dir='ltr' id='par_1_7' title="bbox 313 2351 1315 2763">
     <span class='ocr_line' id='line_1_18' title="bbox 313 2351 1302 2411; baseline -0.003 -12"><span class='ocrx_word' id='word_1_156' title='bbox 313 2355 431 2400; x_wconf 80' lang='lat' dir='ltr'><strong>concessi.</strong></span> <span class='ocrx_word' id='word_1_157' title='bbox 478 2355 632 2410; x_wconf 87' lang='lat' dir='ltr'><strong>Praepositio</strong></span> <span class='ocrx_word' id='word_1_158' title='bbox 653 2351 683 2397; x_wconf 82' lang='grc'><strong>111</strong></span> <span class='ocrx_word' id='word_1_159' title='bbox 703 2353 765 2407; x_wconf 88' lang='lat' dir='ltr'><strong>apud</strong></span> <span class='ocrx_word' id='word_1_160' title='bbox 783 2358 892 2398; x_wconf 88' lang='lat' dir='ltr'><strong>nostrum</strong></span> <span class='ocrx_word' id='word_1_161' title='bbox 911 2356 1005 2409; x_wconf 72' lang='lat' dir='ltr'><strong>potitam</strong></span> <span class='ocrx_word' id='word_1_162' title='bbox 1026 2355 1156 2411; x_wconf 87' lang='lat' dir='ltr'><strong>quamlibet</strong></span> <span class='ocrx_word' id='word_1_163' title='bbox 1176 2357 1232 2402; x_wconf 81' lang='lat' dir='ltr'><strong>fere</strong></span> <span class='ocrx_word' id='word_1_164' title='bbox 1253 2355 1302 2400; x_wconf 81' lang='lat' dir='ltr'><strong>babet</strong></span> 
     </span>
     <span class='ocr_line' id='line_1_19' title="bbox 313 2421 1306 2484; baseline -0.005 -14"><span class='ocrx_word' id='word_1_165' title='bbox 313 2422 523 2484; x_wconf 80' lang='lat' dir='ltr'><strong>significationem.</strong></span> <span class='ocrx_word' id='word_1_166' title='bbox 559 2425 610 2469; x_wconf 89' lang='lat' dir='ltr'><strong>lam</strong></span> <span class='ocrx_word' id='word_1_167' title='bbox 627 2437 651 2468; x_wconf 80' lang='lat' dir='ltr'><strong>v.</strong></span> <span class='ocrx_word' id='word_1_168' title='bbox 667 2421 800 2468; x_wconf 81' lang='lat' dir='ltr'><strong>undantem</strong></span> <span class='ocrx_word' id='word_1_169' title='bbox 813 2425 951 2468; x_wconf 74' lang='lat' dir='ltr'><strong>necessario</strong></span> <span class='ocrx_word' id='word_1_170' title='bbox 964 2425 1067 2481; x_wconf 88' lang='lat' dir='ltr'><strong>requirit</strong></span> <span class='ocrx_word' id='word_1_171' title='bbox 1080 2425 1241 2481; x_wconf 85' lang='lat' dir='ltr'><strong>attributum,</strong></span> <span class='ocrx_word' id='word_1_172' title='bbox 1255 2425 1306 2484; x_wconf 84' lang='lat' dir='ltr'><strong>quale</strong></span> 
     </span>
     <span class='ocr_line' id='line_1_20' title="bbox 313 2487 1308 2552; baseline -0.002 -12"><span class='ocrx_word' id='word_1_173' title='bbox 313 2497 376 2540; x_wconf 81' lang='lat' dir='ltr'><strong>inest</strong></span> <span class='ocrx_word' id='word_1_174' title='bbox 397 2496 420 2540; x_wconf 92' lang='lat' dir='ltr'><strong>iu</strong></span> <span class='ocrx_word' id='word_1_175' title='bbox 438 2509 495 2550; x_wconf 79' lang='lat' dir='ltr'><strong>vr..</strong></span> <span class='ocrx_word' id='word_1_176' title='bbox 523 2509 583 2552; x_wconf 82' lang='lat' dir='ltr'><strong>qnae</strong></span> <span class='ocrx_word' id='word_1_177' title='bbox 608 2499 747 2538; x_wconf 83' lang='lat' dir='ltr'><strong>tractamus.</strong></span> <span class='ocrx_word' id='word_1_178' title='bbox 794 2494 853 2538; x_wconf 89' lang='lat' dir='ltr'><strong>llinc</strong></span> <span class='ocrx_word' id='word_1_179' title='bbox 876 2493 993 2548; x_wconf 81' lang='lat' dir='ltr'><strong>muritia,</strong></span> <span class='ocrx_word' id='word_1_180' title='bbox 1019 2496 1080 2552; x_wconf 89' lang='lat' dir='ltr'><strong>quod</strong></span> <span class='ocrx_word' id='word_1_181' title='bbox 1102 2487 1218 2550; x_wconf 72' lang='lat' dir='ltr'><strong>praebent</strong></span> <span class='ocrx_word' id='word_1_182' title='bbox 1241 2497 1308 2544; x_wconf 73' lang='lat' dir='ltr'><strong>cdd..</strong></span> 
     </span>
     <span class='ocr_line' id='line_1_21' title="bbox 314 2561 1312 2622; baseline -0.003 -13"><span class='ocrx_word' id='word_1_183' title='bbox 314 2567 394 2609; x_wconf 87' lang='lat' dir='ltr'><strong>locum</strong></span> <span class='ocrx_word' id='word_1_184' title='bbox 410 2580 457 2610; x_wconf 88' lang='lat' dir='ltr'><strong>uon</strong></span> <span class='ocrx_word' id='word_1_185' title='bbox 474 2565 555 2610; x_wconf 87' lang='lat' dir='ltr'><strong>babet.</strong></span> <span class='ocrx_word' id='word_1_186' title='bbox 592 2565 695 2620; x_wconf 86' lang='lat' dir='ltr'><strong>Scripsit</strong></span> <span class='ocrx_word' id='word_1_187' title='bbox 712 2564 785 2622; x_wconf 74' lang='lat' dir='ltr'><strong>igitur</strong></span> <span class='ocrx_word' id='word_1_188' title='bbox 806 2565 847 2608; x_wconf 89' lang='lat' dir='ltr'><strong>ille</strong></span> <span class='ocrx_word' id='word_1_189' title='bbox 862 2561 892 2608; x_wconf 80' lang='grc'><strong>111</strong></span> <span class='ocrx_word' id='word_1_190' title='bbox 911 2563 1039 2619; x_wconf 71' lang='lat' dir='ltr'><strong>murinis,</strong></span> <span class='ocrx_word' id='word_1_191' title='bbox 1068 2565 1091 2608; x_wconf 92' lang='lat' dir='ltr'><strong>id</strong></span> <span class='ocrx_word' id='word_1_192' title='bbox 1110 2571 1164 2620; x_wconf 83' lang='lat' dir='ltr'><strong>est,</strong></span> <span class='ocrx_word' id='word_1_193' title='bbox 1184 2565 1312 2610; x_wconf 78' lang='lat' dir='ltr'><strong>undantem</strong></span> 
     </span>
     <span class='ocr_line' id='line_1_22' title="bbox 316 2633 1312 2698; baseline -0.004 -18"><span class='ocrx_word' id='word_1_194' title='bbox 316 2633 364 2680; x_wconf 80' lang='lat' dir='ltr'><strong>buc</strong></span> <span class='ocrx_word' id='word_1_195' title='bbox 386 2635 447 2679; x_wconf 83' lang='lat' dir='ltr'><strong>illue</strong></span> <span class='ocrx_word' id='word_1_196' title='bbox 464 2649 511 2693; x_wconf 84' lang='lat' dir='ltr'><strong>per</strong></span> <span class='ocrx_word' id='word_1_197' title='bbox 533 2636 647 2678; x_wconf 81' lang='lat' dir='ltr'><strong>marinna</strong></span> <span class='ocrx_word' id='word_1_198' title='bbox 678 2633 786 2698; x_wconf 78' lang='lat' dir='ltr'><strong>fluctua.</strong></span> <span class='ocrx_word' id='word_1_199' title='bbox 822 2634 946 2678; x_wconf 86' lang='lat' dir='ltr'><strong>Patienter</strong></span> <span class='ocrx_word' id='word_1_200' title='bbox 963 2639 1044 2680; x_wconf 85' lang='lat' dir='ltr'><strong>autem</strong></span> <span class='ocrx_word' id='word_1_201' title='bbox 1061 2635 1174 2680; x_wconf 75' lang='lat' dir='ltr'><strong>ferendus</strong></span> <span class='ocrx_word' id='word_1_202' title='bbox 1193 2641 1232 2681; x_wconf 85' lang='lat' dir='ltr'><strong>est</strong></span> <span class='ocrx_word' id='word_1_203' title='bbox 1255 2639 1312 2680; x_wconf 83' lang='lat' dir='ltr'><strong>lusus</strong></span> 
     </span>
     <span class='ocr_line' id='line_1_23' title="bbox 315 2698 1315 2763; baseline 0 -15"><span class='ocrx_word' id='word_1_204' title='bbox 315 2718 354 2749; x_wconf 81' lang='lat' dir='ltr'><strong>vv.</strong></span> <span class='ocrx_word' id='word_1_205' title='bbox 374 2705 437 2748; x_wconf 85' lang='lat' dir='ltr'><strong>inter</strong></span> <span class='ocrx_word' id='word_1_206' title='bbox 455 2705 516 2749; x_wconf 90' lang='lat' dir='ltr'><strong>bunc</strong></span> <span class='ocrx_word' id='word_1_207' title='bbox 534 2706 679 2749; x_wconf 82' lang='lat' dir='ltr'><strong>versiculum</strong></span> <span class='ocrx_word' id='word_1_208' title='bbox 695 2709 718 2749; x_wconf 88' lang='lat' dir='ltr'><strong>et</strong></span> <span class='ocrx_word' id='word_1_209' title='bbox 736 2717 759 2748; x_wconf 82' lang='lat' dir='ltr'><strong>r.</strong></span> <span class='ocrx_word' id='word_1_210' title='bbox 782 2698 806 2747; x_wconf 77' lang='grc'><strong>1.</strong></span> <span class='ocrx_word' id='word_1_211' title='bbox 827 2701 976 2748; x_wconf 75' lang='lat' dir='ltr'><strong>demeritis</strong></span> <span class='ocrx_word' id='word_1_212' title='bbox 997 2703 1132 2760; x_wconf 85' lang='lat' dir='ltr'><strong>imbribua,</strong></span> <span class='ocrx_word' id='word_1_213' title='bbox 1162 2707 1186 2749; x_wconf 90' lang='lat' dir='ltr'><strong>in</strong></span> <span class='ocrx_word' id='word_1_214' title='bbox 1209 2720 1258 2763; x_wconf 91' lang='lat' dir='ltr'><strong>quo</strong></span> <span class='ocrx_word' id='word_1_215' title='bbox 1277 2705 1315 2748; x_wconf 89' lang='lat' dir='ltr'><strong>ali·</strong></span> 
     </span>
    </p>
   </div>
   <div class='ocr_carea' id='block_1_8' title="bbox 168 2771 1318 2832">
    <p class='ocr_par' dir='ltr' id='par_1_8' title="bbox 168 2771 1318 2832">
     <span class='ocr_line' id='line_1_24' title="bbox 168 2771 1318 2832; baseline -0.001 -14"><span class='ocrx_word' id='word_1_216' title='bbox 168 2817 172 2830; x_wconf 74' lang='grc'><strong>,</strong></span> <span class='ocrx_word' id='word_1_217' title='bbox 263 2827 265 2831; x_wconf 25' lang='lat'><strong>¹</strong></span> <span class='ocrx_word' id='word_1_218' title='bbox 315 2776 409 2832; x_wconf 88' lang='lat' dir='ltr'><strong>quando</strong></span> <span class='ocrx_word' id='word_1_219' title='bbox 427 2773 587 2819; x_wconf 79' lang='lat' dir='ltr'><strong>offendebam.</strong></span> <span class='ocrx_word' id='word_1_220' title='bbox 637 2774 690 2822; x_wconf 85' lang='lat' dir='ltr'><strong>Ctr.</strong></span> <span class='ocrx_word' id='word_1_221' title='bbox 710 2775 738 2818; x_wconf 90' lang='lat' dir='ltr'><strong>de</strong></span> <span class='ocrx_word' id='word_1_222' title='bbox 766 2785 876 2830; x_wconf 75' lang='lat' dir='ltr'><strong>praepos.</strong></span> <span class='ocrx_word' id='word_1_223' title='bbox 900 2771 930 2817; x_wconf 83' lang='grc'><strong>111</strong></span> <span class='ocrx_word' id='word_1_224' title='bbox 948 2776 1009 2829; x_wconf 83' lang='lat' dir='ltr'><strong>apud</strong></span> <span class='ocrx_word' id='word_1_225' title='bbox 1027 2774 1101 2818; x_wconf 75' lang='lat' dir='ltr'><strong>Afros</strong></span> <span class='ocrx_word' id='word_1_226' title='bbox 1122 2777 1257 2830; x_wconf 83' lang='lat' dir='ltr'><strong>scriptores</strong></span> <span class='ocrx_word' id='word_1_227' title='bbox 1276 2773 1318 2820; x_wconf 87' lang='lat' dir='ltr'><strong>On-</strong></span> 
     </span>
    </p>
   </div>
   <div class='ocr_carea' id='block_1_9' title="bbox 255 2839 1319 3044">
    <p class='ocr_par' dir='ltr' id='par_1_9' title="bbox 255 2839 1319 3044">
     <span class='ocr_line' id='line_1_25' title="bbox 316 2839 1318 2907; baseline -0.005 -17"><span class='ocrx_word' id='word_1_228' title='bbox 316 2846 422 2900; x_wconf 85' lang='lat' dir='ltr'><strong>dendoup</strong></span> <span class='ocrx_word' id='word_1_229' title='bbox 444 2845 473 2888; x_wconf 86' lang='lat' dir='ltr'><strong>ad</strong></span> <span class='ocrx_word' id='word_1_230' title='bbox 491 2843 578 2900; x_wconf 75' lang='lat' dir='ltr'><strong>Appul.</strong></span> <span class='ocrx_word' id='word_1_231' title='bbox 599 2845 629 2891; x_wconf 81' lang='grc' dir='ltr'><strong>Τ,</strong></span> <span class='ocrx_word' id='word_1_232' title='bbox 652 2844 672 2887; x_wconf 92' lang='grc'><strong>1.</strong></span> <span class='ocrx_word' id='word_1_233' title='bbox 693 2857 715 2898; x_wconf 89' lang='lat' dir='ltr'><strong>p.</strong></span> <span class='ocrx_word' id='word_1_234' title='bbox 736 2839 795 2888; x_wconf 82' lang='grc'><strong>250.</strong></span> <span class='ocrx_word' id='word_1_235' title='bbox 813 2901 814 2907; x_wconf 15' lang='lat'>¹</span> <span class='ocrx_word' id='word_1_236' title='bbox 844 2840 900 2900; x_wconf 79' lang='grc'>(13)</span> <span class='ocrx_word' id='word_1_237' title='bbox 928 2842 988 2902; x_wconf 80' lang='lat' dir='ltr'><strong>Ipau</strong></span> <span class='ocrx_word' id='word_1_238' title='bbox 1008 2845 1118 2905; x_wconf 77' lang='lat' dir='ltr'><strong>gemmie</strong></span> <span class='ocrx_word' id='word_1_239' title='bbox 1137 2851 1318 2903; x_wconf 78' lang='lat' dir='ltr'><strong>purpurantem</strong></span> 
     </span>
     <span class='ocr_line' id='line_1_26' title="bbox 255 2910 1317 2978; baseline -0.003 -19"><span class='ocrx_word' id='word_1_240' title='bbox 255 2910 258 2920; x_wconf 79' lang='grc'><em>’</em></span> <span class='ocrx_word' id='word_1_241' title='bbox 312 2915 401 2976; x_wconf 81' lang='lat' dir='ltr'><strong>pingit</strong></span> <span class='ocrx_word' id='word_1_242' title='bbox 416 2927 509 2959; x_wconf 81' lang='lat' dir='ltr'><strong>annum</strong></span> <span class='ocrx_word' id='word_1_243' title='bbox 527 2911 633 2978; x_wconf 72' lang='lat' dir='ltr'><strong>floridis</strong></span> <span class='ocrx_word' id='word_1_244' title='bbox 651 2913 752 2972; x_wconf 65' lang='grc'>1115111,</span> <span class='ocrx_word' id='word_1_245' title='bbox 784 2917 849 2958; x_wconf 85' lang='lat' dir='ltr'><strong>recte</strong></span> <span class='ocrx_word' id='word_1_246' title='bbox 868 2918 1002 2968; x_wconf 84' lang='lat' dir='ltr'><strong>annotans,</strong></span> <span class='ocrx_word' id='word_1_247' title='bbox 1021 2914 1129 2974; x_wconf 76' lang='lat' dir='ltr'><strong>gemmis</strong></span> <span class='ocrx_word' id='word_1_248' title='bbox 1147 2917 1254 2972; x_wconf 81' lang='lat' dir='ltr'><strong>positum</strong></span> <span class='ocrx_word' id='word_1_249' title='bbox 1275 2929 1317 2960; x_wconf 87' lang='lat' dir='ltr'><strong>uon</strong></span> 
     </span>
     <span class='ocr_line' id='line_1_27' title="bbox 316 2984 1319 3044; baseline -0.004 -13"><span class='ocrx_word' id='word_1_250' title='bbox 316 2999 370 3032; x_wconf 84' lang='lat' dir='ltr'><strong>esse</strong></span> <span class='ocrx_word' id='word_1_251' title='bbox 390 2999 462 3041; x_wconf 80' lang='lat' dir='ltr'><strong>posse</strong></span> <span class='ocrx_word' id='word_1_252' title='bbox 484 2999 528 3040; x_wconf 86' lang='lat' dir='ltr'><strong>pro</strong></span> <span class='ocrx_word' id='word_1_253' title='bbox 547 2985 680 3044; x_wconf 80' lang='lat' dir='ltr'><strong>gemmeis.</strong></span> <span class='ocrx_word' id='word_1_254' title='bbox 723 2985 815 3027; x_wconf 84' lang='lat' dir='ltr'><strong>Verum</strong></span> <span class='ocrx_word' id='word_1_255' title='bbox 838 2985 960 3029; x_wconf 86' lang='lat' dir='ltr'><strong>enimvero</strong></span> <span class='ocrx_word' id='word_1_256' title='bbox 985 2997 1038 3028; x_wconf 85' lang='lat' dir='ltr'><strong>cum</strong></span> <span class='ocrx_word' id='word_1_257' title='bbox 1065 2984 1137 3030; x_wconf 75' lang='lat' dir='ltr'><strong>Antio</strong></span> <span class='ocrx_word' id='word_1_258' title='bbox 1156 2987 1319 3041; x_wconf 86' lang='lat' dir='ltr'><strong>explicandum</strong></span> 
     </span>
    </p>
   </div>
   <div class='ocr_carea' id='block_1_10' title="bbox 317 3052 1320 3325">
    <p class='ocr_par' dir='ltr' id='par_1_10' title="bbox 317 3052 1320 3325">
     <span class='ocr_line' id='line_1_28' title="bbox 317 3052 1320 3118; baseline -0.003 -17"><span class='ocrx_word' id='word_1_259' title='bbox 317 3067 419 3102; x_wconf 85' lang='lat' dir='ltr'><strong>censeo:</strong></span> <span class='ocrx_word' id='word_1_260' title='bbox 439 3054 519 3113; x_wconf 83' lang='lat' dir='ltr'><strong>„lpau</strong></span> <span class='ocrx_word' id='word_1_261' title='bbox 540 3068 634 3098; x_wconf 82' lang='lat' dir='ltr'><strong>annum</strong></span> <span class='ocrx_word' id='word_1_262' title='bbox 648 3052 758 3118; x_wconf 70' lang='lat' dir='ltr'><strong>floribus</strong></span> <span class='ocrx_word' id='word_1_263' title='bbox 771 3053 869 3112; x_wconf 75' lang='lat' dir='ltr'><strong>pingit,</strong></span> <span class='ocrx_word' id='word_1_264' title='bbox 891 3059 917 3098; x_wconf 87' lang='lat' dir='ltr'><strong>ut</strong></span> <span class='ocrx_word' id='word_1_265' title='bbox 934 3054 1029 3113; x_wconf 75' lang='lat' dir='ltr'><strong>(queri)</strong></span> <span class='ocrx_word' id='word_1_266' title='bbox 1047 3056 1156 3114; x_wconf 75' lang='lat' dir='ltr'><strong>gemmis</strong></span> <span class='ocrx_word' id='word_1_267' title='bbox 1171 3055 1320 3116; x_wconf 79' lang='lat' dir='ltr'><strong>purpurat.&#39;&#39;</strong></span> 
     </span>
     <span class='ocr_line' id='line_1_29' title="bbox 317 3126 1319 3186; baseline -0.002 -16"><span class='ocrx_word' id='word_1_268' title='bbox 317 3126 378 3170; x_wconf 88' lang='lat' dir='ltr'><strong>Cod.</strong></span> <span class='ocrx_word' id='word_1_269' title='bbox 392 3126 458 3170; x_wconf 83' lang='lat' dir='ltr'><strong>Pitb.</strong></span> <span class='ocrx_word' id='word_1_270' title='bbox 476 3127 561 3171; x_wconf 80' lang='lat' dir='ltr'><strong>lectio:</strong></span> <span class='ocrx_word' id='word_1_271' title='bbox 581 3135 695 3186; x_wconf 81' lang='lat' dir='ltr'><strong>gemmae</strong></span> <span class='ocrx_word' id='word_1_272' title='bbox 707 3130 890 3180; x_wconf 78' lang='lat' dir='ltr'><strong>purpurantem</strong></span> <span class='ocrx_word' id='word_1_273' title='bbox 909 3129 955 3169; x_wconf 85' lang='lat' dir='ltr'><strong>cet.</strong></span> <span class='ocrx_word' id='word_1_274' title='bbox 975 3126 1154 3180; x_wconf 85' lang='lat' dir='ltr'><strong>memorabilis,</strong></span> <span class='ocrx_word' id='word_1_275' title='bbox 1182 3140 1226 3171; x_wconf 88' lang='lat' dir='ltr'><strong>nec</strong></span> <span class='ocrx_word' id='word_1_276' title='bbox 1245 3131 1319 3170; x_wconf 86' lang='lat' dir='ltr'><strong>tamen</strong></span> 
     </span>
     <span class='ocr_line' id='line_1_30' title="bbox 317 3195 1320 3254; baseline -0.003 -13"><span class='ocrx_word' id='word_1_277' title='bbox 317 3210 374 3241; x_wconf 83' lang='lat' dir='ltr'><strong>vera</strong></span> <span class='ocrx_word' id='word_1_278' title='bbox 392 3202 437 3241; x_wconf 85' lang='lat' dir='ltr'><strong>est.</strong></span> <span class='ocrx_word' id='word_1_279' title='bbox 475 3197 574 3240; x_wconf 86' lang='lat' dir='ltr'><strong>Minime</strong></span> <span class='ocrx_word' id='word_1_280' title='bbox 594 3195 657 3240; x_wconf 82' lang='lat' dir='ltr'><strong>enim</strong></span> <span class='ocrx_word' id='word_1_281' title='bbox 672 3195 795 3247; x_wconf 82' lang='lat' dir='ltr'><strong>convenit,</strong></span> <span class='ocrx_word' id='word_1_282' title='bbox 816 3198 842 3237; x_wconf 93' lang='lat' dir='ltr'><strong>ut</strong></span> <span class='ocrx_word' id='word_1_283' title='bbox 859 3195 1020 3249; x_wconf 80' lang='lat' dir='ltr'><strong>explicemus:</strong></span> <span class='ocrx_word' id='word_1_284' title='bbox 1040 3225 1052 3248; x_wconf 83' lang='grc'><strong>,,</strong></span> <span class='ocrx_word' id='word_1_285' title='bbox 1060 3199 1240 3251; x_wconf 87' lang='lat' dir='ltr'><strong>purpurantem,</strong></span> <span class='ocrx_word' id='word_1_286' title='bbox 1260 3197 1320 3254; x_wconf 87' lang='lat' dir='ltr'><strong>quod</strong></span> 
     </span>
     <span class='ocr_line' id='line_1_31' title="bbox 318 3260 1319 3325; baseline -0.001 -15"><span class='ocrx_word' id='word_1_287' title='bbox 318 3269 402 3310; x_wconf 86' lang='lat' dir='ltr'><strong>attinet</strong></span> <span class='ocrx_word' id='word_1_288' title='bbox 419 3267 448 3310; x_wconf 91' lang='lat' dir='ltr'><strong>ad</strong></span> <span class='ocrx_word' id='word_1_289' title='bbox 472 3277 593 3324; x_wconf 73' lang='lat' dir='ltr'><strong>gemmas,</strong></span> <span class='ocrx_word' id='word_1_290' title='bbox 626 3266 723 3318; x_wconf 86' lang='lat' dir='ltr'><strong>oculos,</strong></span> <span class='ocrx_word' id='word_1_291' title='bbox 752 3260 927 3322; x_wconf 81' lang='lat' dir='ltr'><strong>(Knoepen).”</strong></span> <span class='ocrx_word' id='word_1_292' title='bbox 974 3262 1030 3320; x_wconf 83' lang='lat' dir='ltr'><strong>(lt)</strong></span> <span class='ocrx_word' id='word_1_293' title='bbox 1047 3275 1087 3311; x_wconf 67' lang='lat' dir='ltr'><strong>oo</strong></span> <span class='ocrx_word' id='word_1_294' title='bbox 1103 3270 1234 3325; x_wconf 71' lang='lat' dir='ltr'><strong>turgentes</strong></span> <span class='ocrx_word' id='word_1_295' title='bbox 1253 3267 1319 3321; x_wconf 86' lang='lat' dir='ltr'><strong>Lips.</strong></span> 
     </span>
    </p>
   </div>
   <div class='ocr_carea' id='block_1_11' title="bbox 317 3331 1327 4032">
    <p class='ocr_par' dir='ltr' id='par_1_11' title="bbox 317 3331 1327 4032">
     <span class='ocr_line' id='line_1_32' title="bbox 318 3331 1321 3394; baseline 0.001 -14"><span class='ocrx_word' id='word_1_296' title='bbox 318 3337 411 3380; x_wconf 83' lang='lat' dir='ltr'><strong>Placet.</strong></span> <span class='ocrx_word' id='word_1_297' title='bbox 461 3333 548 3392; x_wconf 90' lang='lat' dir='ltr'><strong>(lbid.)</strong></span> <span class='ocrx_word' id='word_1_298' title='bbox 575 3333 605 3378; x_wconf 80' lang='lat' dir='ltr'><strong>de</strong></span> <span class='ocrx_word' id='word_1_299' title='bbox 629 3333 724 3379; x_wconf 79' lang='lat' dir='ltr'><strong>Fauoni</strong></span> <span class='ocrx_word' id='word_1_300' title='bbox 746 3331 850 3394; x_wconf 71' lang='lat' dir='ltr'><strong>spiritu]</strong></span> <span class='ocrx_word' id='word_1_301' title='bbox 869 3355 903 3369; x_wconf 84' lang='lat'>-</span> <span class='ocrx_word' id='word_1_302' title='bbox 921 3332 952 3378; x_wconf 79' lang='lat' dir='ltr'><strong>de</strong></span> <span class='ocrx_word' id='word_1_303' title='bbox 973 3331 1068 3379; x_wconf 72' lang='lat' dir='ltr'><strong>Favoni</strong></span> <span class='ocrx_word' id='word_1_304' title='bbox 1083 3337 1170 3392; x_wconf 82' lang='lat' dir='ltr'><strong>par-itu</strong></span> <span class='ocrx_word' id='word_1_305' title='bbox 1191 3337 1258 3394; x_wconf 86' lang='lat' dir='ltr'><strong>qnasi</strong></span> <span class='ocrx_word' id='word_1_306' title='bbox 1278 3336 1321 3383; x_wconf 88' lang='lat' dir='ltr'><strong>Cd.</strong></span> 
     </span>
     <span class='ocr_line' id='line_1_33' title="bbox 317 3405 1324 3461; baseline -0.004 -9"><span class='ocrx_word' id='word_1_307' title='bbox 317 3407 382 3452; x_wconf 86' lang='lat' dir='ltr'><strong>Pitb.</strong></span> <span class='ocrx_word' id='word_1_308' title='bbox 400 3405 764 3461; x_wconf 61' lang='grc'>11111111111111111181111111.</span> <span class='ocrx_word' id='word_1_309' title='bbox 801 3405 848 3449; x_wconf 83' lang='lat' dir='ltr'><strong>Sed</strong></span> <span class='ocrx_word' id='word_1_310' title='bbox 867 3418 928 3449; x_wconf 88' lang='lat' dir='ltr'><strong>nuuc</strong></span> <span class='ocrx_word' id='word_1_311' title='bbox 952 3405 1040 3448; x_wconf 81' lang='lat' dir='ltr'><strong>scimus</strong></span> <span class='ocrx_word' id='word_1_312' title='bbox 1056 3405 1101 3451; x_wconf 87' lang='lat' dir='ltr'><strong>Cd.</strong></span> <span class='ocrx_word' id='word_1_313' title='bbox 1120 3407 1186 3453; x_wconf 87' lang='lat' dir='ltr'><strong>Pith.</strong></span> <span class='ocrx_word' id='word_1_314' title='bbox 1209 3406 1324 3451; x_wconf 72' lang='lat' dir='ltr'><strong>babere·</strong></span> 
     </span>
     <span class='ocr_line' id='line_1_34' title="bbox 319 3473 1322 3534; baseline 0 -14"><span class='ocrx_word' id='word_1_315' title='bbox 319 3492 357 3534; x_wconf 90' lang='lat' dir='ltr'><strong>pr.</strong></span> <span class='ocrx_word' id='word_1_316' title='bbox 375 3488 460 3520; x_wconf 88' lang='lat' dir='ltr'><strong>manu:</strong></span> <span class='ocrx_word' id='word_1_317' title='bbox 481 3475 511 3519; x_wconf 82' lang='lat' dir='ltr'><strong>de</strong></span> <span class='ocrx_word' id='word_1_318' title='bbox 527 3473 637 3520; x_wconf 82' lang='lat' dir='ltr'><strong>Fubonie</strong></span> <span class='ocrx_word' id='word_1_319' title='bbox 660 3475 762 3532; x_wconf 85' lang='lat' dir='ltr'><strong>puritu.</strong></span> <span class='ocrx_word' id='word_1_320' title='bbox 789 3475 851 3520; x_wconf 83' lang='lat' dir='ltr'><strong>rnale</strong></span> <span class='ocrx_word' id='word_1_321' title='bbox 874 3475 991 3530; x_wconf 83' lang='lat' dir='ltr'><strong>separatis</strong></span> <span class='ocrx_word' id='word_1_322' title='bbox 1013 3475 1104 3531; x_wconf 81' lang='lat' dir='ltr'><strong>literis,</strong></span> <span class='ocrx_word' id='word_1_323' title='bbox 1135 3481 1160 3520; x_wconf 89' lang='lat' dir='ltr'><strong>ut</strong></span> <span class='ocrx_word' id='word_1_324' title='bbox 1177 3474 1203 3520; x_wconf 83' lang='lat' dir='ltr'><strong>fit</strong></span> <span class='ocrx_word' id='word_1_325' title='bbox 1220 3478 1244 3520; x_wconf 87' lang='lat' dir='ltr'><strong>in</strong></span> <span class='ocrx_word' id='word_1_326' title='bbox 1262 3475 1322 3520; x_wconf 86' lang='lat' dir='ltr'><strong>Cdd.</strong></span> 
     </span>
     <span class='ocr_line' id='line_1_35' title="bbox 320 3545 1325 3602; baseline -0.003 -9"><span class='ocrx_word' id='word_1_327' title='bbox 320 3550 389 3593; x_wconf 86' lang='lat' dir='ltr'><strong>Secc.</strong></span> <span class='ocrx_word' id='word_1_328' title='bbox 406 3546 475 3590; x_wconf 83' lang='lat' dir='ltr'><strong>Vlll.</strong></span> <span class='ocrx_word' id='word_1_329' title='bbox 492 3551 515 3589; x_wconf 86' lang='lat' dir='ltr'><strong>et</strong></span> <span class='ocrx_word' id='word_1_330' title='bbox 535 3545 580 3590; x_wconf 80' lang='lat' dir='ltr'><strong>tx.</strong></span> <span class='ocrx_word' id='word_1_331' title='bbox 601 3560 613 3590; x_wconf 90' lang='grc'><strong>1</strong></span> <span class='ocrx_word' id='word_1_332' title='bbox 638 3545 768 3590; x_wconf 87' lang='lat' dir='ltr'><strong>continenti</strong></span> <span class='ocrx_word' id='word_1_333' title='bbox 789 3545 951 3602; x_wconf 77' lang='lat' dir='ltr'><strong>antiquiorum</strong></span> <span class='ocrx_word' id='word_1_334' title='bbox 974 3546 1092 3600; x_wconf 86' lang='lat' dir='ltr'><strong>scriptura</strong></span> <span class='ocrx_word' id='word_1_335' title='bbox 1108 3546 1245 3602; x_wconf 83' lang='lat' dir='ltr'><strong>descriptis.</strong></span> <span class='ocrx_word' id='word_1_336' title='bbox 1280 3547 1325 3592; x_wconf 83' lang='lat' dir='ltr'><strong>Fa·</strong></span> 
     </span>
     <span class='ocr_line' id='line_1_36' title="bbox 321 3611 1325 3676; baseline 0 -14"><span class='ocrx_word' id='word_1_337' title='bbox 321 3621 400 3662; x_wconf 81' lang='lat' dir='ltr'><strong>cessat</strong></span> <span class='ocrx_word' id='word_1_338' title='bbox 416 3617 489 3675; x_wconf 78' lang='lat' dir='ltr'><strong>igitur</strong></span> <span class='ocrx_word' id='word_1_339' title='bbox 502 3616 524 3660; x_wconf 90' lang='lat' dir='ltr'><strong>in</strong></span> <span class='ocrx_word' id='word_1_340' title='bbox 543 3620 665 3671; x_wconf 84' lang='lat' dir='ltr'><strong>posterum</strong></span> <span class='ocrx_word' id='word_1_341' title='bbox 680 3616 811 3659; x_wconf 86' lang='lat' dir='ltr'><strong>inauditum</strong></span> <span class='ocrx_word' id='word_1_342' title='bbox 823 3615 915 3660; x_wconf 88' lang='lat' dir='ltr'><strong>Latinis</strong></span> <span class='ocrx_word' id='word_1_343' title='bbox 933 3614 1077 3658; x_wconf 79' lang='lat' dir='ltr'><strong>vocabulum</strong></span> <span class='ocrx_word' id='word_1_344' title='bbox 1092 3617 1205 3673; x_wconf 73' lang='lat' dir='ltr'><strong>paritur.</strong></span> <span class='ocrx_word' id='word_1_345' title='bbox 1225 3611 1325 3676; x_wconf 79' lang='lat'>(15)-</span> 
     </span>
     <span class='ocr_line' id='line_1_37' title="bbox 321 3683 1326 3744; baseline -0.001 -12"><span class='ocrx_word' id='word_1_346' title='bbox 321 3688 348 3732; x_wconf 83' lang='lat' dir='ltr'><strong>ire</strong></span> <span class='ocrx_word' id='word_1_347' title='bbox 367 3692 435 3731; x_wconf 78' lang='lat' dir='ltr'><strong>toros</strong></span> <span class='ocrx_word' id='word_1_348' title='bbox 455 3691 563 3743; x_wconf 76' lang='lat' dir='ltr'><strong>tepenter</strong></span> <span class='ocrx_word' id='word_1_349' title='bbox 582 3683 678 3742; x_wconf 81' lang='lat' dir='ltr'><strong>Lipsius</strong></span> <span class='ocrx_word' id='word_1_350' title='bbox 699 3685 797 3741; x_wconf 85' lang='lat' dir='ltr'><strong>propius</strong></span> <span class='ocrx_word' id='word_1_351' title='bbox 817 3687 845 3729; x_wconf 83' lang='lat' dir='ltr'><strong>nd</strong></span> <span class='ocrx_word' id='word_1_352' title='bbox 869 3685 923 3729; x_wconf 87' lang='lat' dir='ltr'><strong>lect.</strong></span> <span class='ocrx_word' id='word_1_353' title='bbox 944 3684 988 3729; x_wconf 89' lang='lat' dir='ltr'><strong>Cd.</strong></span> <span class='ocrx_word' id='word_1_354' title='bbox 1010 3684 1077 3729; x_wconf 86' lang='lat' dir='ltr'><strong>Pitb.</strong></span> <span class='ocrx_word' id='word_1_355' title='bbox 1097 3686 1125 3729; x_wconf 88' lang='lat' dir='ltr'><strong>in</strong></span> <span class='ocrx_word' id='word_1_356' title='bbox 1147 3689 1210 3731; x_wconf 71' lang='lat' dir='ltr'><strong>totos</strong></span> <span class='ocrx_word' id='word_1_357' title='bbox 1220 3691 1326 3744; x_wconf 74' lang='lat' dir='ltr'><strong>pentec,</strong></span> 
     </span>
     <span class='ocr_line' id='line_1_38' title="bbox 321 3751 1327 3817; baseline -0.002 -17"><span class='ocrx_word' id='word_1_358' title='bbox 321 3757 392 3814; x_wconf 89' lang='lat' dir='ltr'><strong>prob.</strong></span> <span class='ocrx_word' id='word_1_359' title='bbox 413 3757 481 3800; x_wconf 74' lang='lat' dir='ltr'><strong>bnal.</strong></span> <span class='ocrx_word' id='word_1_360' title='bbox 502 3755 603 3801; x_wconf 80' lang='lat' dir='ltr'><strong>Wollii:</strong></span> <span class='ocrx_word' id='word_1_361' title='bbox 623 3755 665 3800; x_wconf 71' lang='lat' dir='ltr'><strong>Sis</strong></span> <span class='ocrx_word' id='word_1_362' title='bbox 680 3755 710 3812; x_wconf 82' lang='lat' dir='ltr'><strong>ju</strong></span> <span class='ocrx_word' id='word_1_363' title='bbox 729 3754 825 3817; x_wconf 69' lang='lat' dir='ltr'><strong>dringt</strong></span> <span class='ocrx_word' id='word_1_364' title='bbox 837 3753 877 3800; x_wconf 83' lang='lat' dir='ltr'><strong>die</strong></span> <span class='ocrx_word' id='word_1_365' title='bbox 890 3751 1012 3813; x_wconf 83' lang='lat' dir='ltr'><strong>Kuoapeu</strong></span> <span class='ocrx_word' id='word_1_366' title='bbox 1026 3753 1076 3800; x_wconf 85' lang='lat' dir='ltr'><strong>Vor</strong></span> <span class='ocrx_word' id='word_1_367' title='bbox 1094 3756 1121 3800; x_wconf 84' lang='lat' dir='ltr'><strong>in</strong></span> <span class='ocrx_word' id='word_1_368' title='bbox 1135 3769 1243 3800; x_wconf 84' lang='lat' dir='ltr'><strong>warmer</strong></span> <span class='ocrx_word' id='word_1_369' title='bbox 1254 3752 1327 3815; x_wconf 75' lang='lat' dir='ltr'><strong>Liesse</strong></span> 
     </span>
     <span class='ocr_line' id='line_1_39' title="bbox 322 3821 1327 3885; baseline -0.001 -14"><span class='ocrx_word' id='word_1_370' title='bbox 322 3825 461 3874; x_wconf 83' lang='lat' dir='ltr'><strong>Bruutbett.</strong></span> <span class='ocrx_word' id='word_1_371' title='bbox 499 3826 545 3870; x_wconf 85' lang='lat' dir='ltr'><strong>Sed</strong></span> <span class='ocrx_word' id='word_1_372' title='bbox 564 3825 608 3874; x_wconf 81' lang='lat' dir='ltr'><strong>cfr.</strong></span> <span class='ocrx_word' id='word_1_373' title='bbox 632 3826 787 3871; x_wconf 87' lang='lat' dir='ltr'><strong>Wernsdorl.</strong></span> <span class='ocrx_word' id='word_1_374' title='bbox 830 3821 886 3880; x_wconf 85' lang='grc'>(16)</span> <span class='ocrx_word' id='word_1_375' title='bbox 905 3822 1045 3885; x_wconf 73' lang='lat' dir='ltr'><strong>humentes]</strong></span> <span class='ocrx_word' id='word_1_376' title='bbox 1064 3827 1113 3880; x_wconf 82' lang='lat' dir='ltr'><strong>pro&#39;</strong></span> <span class='ocrx_word' id='word_1_377' title='bbox 1127 3827 1246 3871; x_wconf 78' lang='lat' dir='ltr'><strong>tumentis</strong></span> <span class='ocrx_word' id='word_1_378' title='bbox 1266 3827 1327 3870; x_wconf 91' lang='lat' dir='ltr'><strong>utri·</strong></span> 
     </span>
     <span class='ocr_line' id='line_1_40' title="bbox 323 3891 1327 3955; baseline -0.005 -11"><span class='ocrx_word' id='word_1_379' title='bbox 323 3911 398 3955; x_wconf 75' lang='lat' dir='ltr'><strong>usque</strong></span> <span class='ocrx_word' id='word_1_380' title='bbox 415 3897 477 3942; x_wconf 86' lang='lat' dir='ltr'><strong>Cod.</strong></span> <span class='ocrx_word' id='word_1_381' title='bbox 493 3898 564 3942; x_wconf 87' lang='grc'>111111</span> <span class='ocrx_word' id='word_1_382' title='bbox 579 3897 711 3942; x_wconf 83' lang='lat' dir='ltr'><strong>emendarit</strong></span> <span class='ocrx_word' id='word_1_383' title='bbox 723 3895 790 3952; x_wconf 77' lang='lat' dir='ltr'><strong>Lips.</strong></span> <span class='ocrx_word' id='word_1_384' title='bbox 828 3891 882 3951; x_wconf 85' lang='grc'>(17)</span> <span class='ocrx_word' id='word_1_385' title='bbox 900 3892 941 3938; x_wconf 81' lang='lat' dir='ltr'><strong>En</strong></span> <span class='ocrx_word' id='word_1_386' title='bbox 958 3895 1053 3940; x_wconf 82' lang='lat' dir='ltr'><strong>micant</strong></span> <span class='ocrx_word' id='word_1_387' title='bbox 1063 3895 1197 3954; x_wconf 75' lang='lat' dir='ltr'><strong>lacrimae]</strong></span> <span class='ocrx_word' id='word_1_388' title='bbox 1217 3897 1327 3941; x_wconf 87' lang='lat' dir='ltr'><strong>Scbulze.</strong></span> 
     </span>
     <span class='ocr_line' id='line_1_41' title="bbox 325 3967 1326 4032; baseline -0.006 -16"><span class='ocrx_word' id='word_1_389' title='bbox 325 3973 431 4032; x_wconf 77' lang='grc' dir='ltr'><strong>Ι,1111·11,</strong></span> <span class='ocrx_word' id='word_1_390' title='bbox 450 3969 544 4026; x_wconf 85' lang='lat' dir='ltr'><strong>inquit,</strong></span> <span class='ocrx_word' id='word_1_391' title='bbox 563 3969 668 4027; x_wconf 78' lang='lat' dir='ltr'><strong>guttulae</strong></span> <span class='ocrx_word' id='word_1_392' title='bbox 684 3967 787 4021; x_wconf 78' lang='lat' dir='ltr'><strong>micant,</strong></span> <span class='ocrx_word' id='word_1_393' title='bbox 808 3979 852 4010; x_wconf 86' lang='lat' dir='ltr'><strong>suo</strong></span> <span class='ocrx_word' id='word_1_394' title='bbox 867 3967 973 4026; x_wconf 84' lang='lat' dir='ltr'><strong>pondere</strong></span> <span class='ocrx_word' id='word_1_395' title='bbox 992 3967 1092 4012; x_wconf 83' lang='lat' dir='ltr'><strong>libratae</strong></span> <span class='ocrx_word' id='word_1_396' title='bbox 1111 3970 1265 4022; x_wconf 76' lang='grc'>1111111111,</span> <span class='ocrx_word' id='word_1_397' title='bbox 1284 3967 1326 4012; x_wconf 82' lang='lat' dir='ltr'><strong>aed</strong></span> 
     </span>
    </p>
   </div>
   <div class='ocr_carea' id='block_1_12' title="bbox 0 0 1425 4740">
    <p class='ocr_par' dir='ltr' id='par_1_12' title="bbox 0 0 1425 4740">
     <span class='ocr_line' id='line_1_42' title="bbox 0 0 1425 4740; baseline 0 0"><span class='ocrx_word' id='word_1_398' title='bbox 0 0 1425 4740; x_wconf 95' lang='lat' dir='ltr'><strong> </strong></span> 
     </span>
    </p>
   </div>
  </div>
 </body>
</html>
