2768 4750
315 281 376 346 106
421 230 429 256 Ι

355 425 434 496 Ηοο,
451 433 668 507 argumentum
690 420 811 484 veniam
833 423 865 486 ei
886 422 951 484 dari
975 426 1086 501 docet,

312 526 378 605 Qui
399 547 472 588 casu
493 536 617 606 peccat.
660 527 740 588 Nam
763 523 817 606 qrri
839 525 973 590 consilio
994 539 1041 589 est
1062 547 1197 604 nocens,

239 705 241 715 Ι
313 630 406 692 lllum
429 650 498 692 esse
520 626 661 712 quamvis
683 626 811 710 dignum
832 648 935 709 poena
957 627 1076 694 iudico.

645 805 649 811 ⁶
723 843 819 906 [run.
839 846 901 908 ru]

568 994 694 1058 ASINI
717 994 781 1059 ET
801 991 1052 1059 PORCELLI.

278 1155 287 1168 ·
354 1125 489 1216 Quidam
510 1132 700 1197 immolasset
720 1154 844 1196 verrem
866 1154 961 1216 qurum
983 1144 1091 1199 saneto
1113 1137 1262 1216 Herculi,

311 1237 374 1303 Cui
394 1259 456 1319 pro
478 1239 578 1300 salute
600 1247 709 1300 votum
732 1237 867 1298 debebat
886 1258 961 1313 sua,

310 1340 424 1404 Asello
445 1337 534 1402 iussit
557 1337 704 1423 reliquias
726 1337 803 1421 poni
824 1337 948 1401 hordei.

311 1443 398 1522 Quas
421 1452 605 1522 aspernatus
627 1441 681 1503 ille
702 1439 748 1503 sie
770 1441 893 1503 locutus
915 1453 980 1504 est:

311 1542 467 1606 Libenter
488 1543 580 1606 iatum
602 1563 736 1625 prorsus
759 1555 938 1626 appeterem
960 1543 1084 1621 eibum,
1284 1547 1302 1608 5

311 1641 401 1720 Nisi,
425 1645 480 1729 qui
501 1645 634 1708 muritus
654 1647 711 1709 illo
735 1659 803 1722 est,
826 1646 985 1728 iugulatus
1006 1645 1106 1710 forat.

355 1747 458 1810 Huius
478 1759 626 1829 respectu
647 1748 773 1811 fabulae
794 1748 959 1810 deterritus

309 1849 532 1915 Periculosum
555 1871 679 1931 semper
700 1850 799 1913 vitavi
818 1851 953 1912 lucrum.

309 1954 373 2016 Sed
395 1951 493 2014 dieis:
516 1951 580 2032 Qui
602 1974 733 2034 rapuere
755 1952 898 2027 divitias,
923 1953 1050 2016 habent.

307 2057 516 2118 Numeremus
539 2057 689 2139 agedum,
714 2053 767 2137 qui
789 2054 934 2134 deprensi
956 2053 1134 2136 perierunt:
1261 2058 1302 2119 10

306 2156 466 2220 Maiorem
487 2160 613 2220 turbam
635 2156 817 2238 punitorum
839 2155 992 2235 reperies.

305 2259 423 2322 Paucis
445 2259 603 2322 temeritas
626 2272 674 2323 est
695 2261 801 2335 bono,
825 2258 930 2320 inultis
953 2259 1050 2322 malo.

716 2475 811 2536 [ras.
842 2475 891 2536 v.]
956 2493 958 2500 v

578 2624 761 2689 sculum
789 2622 1026 2689 RUSTICUS.

345 2768 457 2831 Pravo
479 2765 593 2828 lavore
615 2745 678 2826 labi
700 2764 846 2827 mortales
870 2764 975 2827 solent

303 2871 364 2947 Et,
392 2889 455 2952 pro
476 2865 593 2932 iudicio
616 2868 687 2930 dum
710 2876 793 2928 stant
814 2865 934 2928 erroris
954 2865 1023 2945 sui,

302 3103 391 3136 carere
417 3087 445 3133 N.
482 3085 537 3140 (11)
555 3084 608 3132 Hor
625 3091 799 3147 argumentum
818 3086 913 3130 venmm
930 3086 954 3129 οἱ
968 3085 1027 3132 dari
1042 3085 1122 3147 docet]
1137 3090 1192 3148 Rig.
1214 3093 1240 3138 s.
1261 3117 1299 3130 .-

301 3159 355 3205 Ηοο
372 3163 520 3218 argumento
536 3157 633 3201 rentum
651 3155 710 3200 dari
732 3154 758 3200 d.
780 3156 811 3200 P.
832 3156 861 3200 11,
882 3180 914 3191 -
931 3153 986 3200 Hor
1002 3164 1177 3217 argumentum
1196 3161 1299 3226 agndum

301 3241 375 3288 mage
389 3225 449 3270 duri
465 3224 491 3272 d.
510 3239 534 3281 p.
571 3224 628 3281 (12)
644 3239 703 3268 nam
724 3225 777 3285 qui]
794 3225 849 3284 lug.
868 3227 945 3271 Bentl.
969 3227 994 3270 S.
1014 3229 1240 3287 —quamqus'1’.
1261 3233 1297 3276 11.

301 3313 325 3354 p.
362 3294 415 3352 (13)
432 3294 556 3354 quamvis]
574 3296 603 3340 Ρ.
622 3295 653 3340 R.
670 3308 694 3350 p.
714 3297 740 3340 S.
760 3315 794 3328 -
811 3295 897 3354 quande
915 3295 1029 3342 Ritternh.
1046 3297 1123 3341 Bentl.
1142 3299 1226 3344 Burin.
1256 3301 1299 3348 Ex

301 3368 347 3412 lroe
362 3365 491 3420 epimvthio
507 3365 620 3411 Perottus
643 3365 698 3409 terit
719 3365 878 3419 promvthium
896 3365 955 3412 hoe:
979 3363 1027 3409 Hc.
1051 3366 1094 3424 qui
1111 3380 1173 3410 crau
1187 3376 1300 3426 merant

302 3435 411 3482 dandum
432 3447 488 3478 erae
513 3435 627 3488 reniam
645 3434 688 3493 qui
706 3447 764 3478 uero
793 3434 905 3480 consulto
927 3432 1088 3493 delinquunt,
1115 3450 1158 3480 eoa
1178 3451 1235 3483 ease
1246 3453 1299 3495 pu·

303 3503 417 3554 utendos.

351 3575 411 3620 Fra.
431 3574 473 3619 Ν.
510 3571 545 3628 (1)
563 3595 596 3607 -
614 3570 720 3634 Quidam
738 3585 812 3630 quum
829 3571 983 3616 immolasset
1000 3585 1097 3618 serrem
1116 3581 1205 3619 anneto
1234 3572 1299 3620 Her.

302 3645 354 3688 culi
372 3643 402 3688 N.
439 3639 480 3700 (2)
500 3664 529 3674 -
548 3643 590 3701 qui
603 3656 653 3700 pro
670 3642 700 3686 Ρ.
719 3641 749 3688 11.
769 3641 881 3686 Correxit
899 3655 922 3695 p.
960 3638 996 3696 (3)
1016 3664 1045 3674 -
1064 3643 1195 3701 relliquiae
1216 3659 1242 3704 g.
1262 3645 1295 3690 N.

300 3719 360 3759 teste
377 3713 480 3757 Dorvilt.
522 3708 559 3768 (1)
584 3723 616 3756 =
644 3713 760 3768 loquutur
777 3711 808 3754 ll.
846 3707 881 3765 (⁵)
899 3708 1015 3754 Libenter
1034 3712 1110 3757 iatum
1125 3711 1244 3771 prorsus]
1265 3714 1296 3759 N.

299 3782 398 3830 firmans
415 3783 492 3828 Bentl.
516 3782 579 3828 roni.
603 3803 636 3816 -
663 3779 779 3824 Libenter
809 3785 876 3824 tuum
897 3793 1007 3836 prorsus
1030 3781 1060 3825 Ρ.
1084 3795 1108 3841 g.
1127 3780 1171 3840 (-
1185 3797 1298 3841 prorsus

298 3852 404 3902 libenter
422 3853 451 3898 ll.
470 3855 530 3896 teste
546 3852 616 3899 Vine-
637 3848 691 3894 Non
710 3846 803 3902 eredo.)
820 3869 854 3884 -
872 3847 953 3894 Tuum
972 3851 1078 3896 tidenter
1088 3865 1198 3909 prorsus
1215 3866 1240 3909 p.
1262 3853 1291 3897 S.

300 3918 337 3980 (7)
360 3923 446 3976 Vem-
472 3918 566 3972 7-12.
588 3919 669 3972 omisit
686 3918 718 3968 N·
754 3917 790 3976 (ὃ)
812 3916 895 3984 vitavi]
914 3920 953 3970 su
970 3919 1001 3968 Ρ.
1021 3920 1093 3976 (usu
1109 3921 1238 3993 Berpero.)
1273 3923 1294 3976 Ε
