2788 4772
244 419 246 424 .
306 359 346 425 et
411 425 415 432 ,
455 379 461 392 ·

308 493 372 575 Qui
394 495 503 577 panem
527 495 670 560 dederit:
695 515 753 559 vos
776 495 889 560 timere
912 497 1073 572 absistite:
1136 499 1139 512 ’

225 587 228 601 ¹
306 597 375 660 Illis
396 609 547 670 revertor
568 599 687 678 hostis,
713 597 768 683 qui
790 620 839 662 me
860 600 1034 664 laeserunt.
1052 607 1056 610 ’

711 817 810 878 [run.
839 817 903 879 un]

532 966 739 1038 AESOPUS
761 969 824 1030 ET
846 965 1086 1032 RUSTICUS.

349 1110 417 1172 Usu
439 1105 561 1190 pdritus
583 1105 708 1189 hariolo
732 1106 878 1171 velocior
1130 1183 1132 1188 Ι

305 1211 420 1294 Vulgo
444 1231 512 1273 esse
534 1210 660 1285 fertur,
684 1230 779 1271 cansa
802 1212 856 1272 sed
879 1231 941 1273 non
965 1209 1095 1285 dicitur;

305 1315 460 1378 Notescet
482 1333 564 1396 quae
587 1334 669 1374 nunc
690 1312 827 1394 primum
848 1313 964 1376 tabella
987 1334 1067 1376 mea.

347 1415 487 1478 Habenti
509 1415 629 1478 cuidam
652 1437 771 1498 pecora
792 1427 988 1496 pepererunt
1009 1436 1086 1480 oves

305 1519 421 1602 Agnos
443 1519 582 1582 humano
607 1519 721 1600 capite.
765 1518 923 1582 Monstro
946 1519 1134 1595 exterritus,

304 1622 364 1700 Ad
380 1622 594 1685 consulendos
617 1621 717 1684 currit
739 1643 882 1702 maerens
904 1621 1060 1685 hariolos.

305 1723 372 1787 Hic
393 1723 555 1805 pertinere
578 1726 617 1786 ad
640 1723 759 1786 domini
780 1725 952 1804 respondet
974 1736 1087 1807 caput..

305 1828 350 1888 Et
373 1815 579 1888 avertendum
601 1826 730 1888 victima
753 1825 942 1909 pericnlum.
1002 1885 1004 1892 ,
1168 1901 1169 1906 ¹

304 1930 366 1992 Ille
388 1940 492 1990 sertem
514 1929 659 1992 adfirmat
681 1929 848 2012 coniugem
871 1949 939 1992 esse
961 1929 1133 1994 adulteram

305 2033 351 2096 Et
371 2030 517 2095 insitivos
540 2029 715 2116 significari
735 2030 874 2109 liberos,

275 2208 280 2214 ‚
307 2136 372 2197 Sed
395 2133 518 2216 expiari
540 2155 637 2216 posse
659 2134 779 2198 maiore
801 2134 918 2226 hostia.

306 2237 391 2316 Quid
412 2237 532 2300 muita?
556 2236 667 2300 Variis
689 2237 839 2300 dissident
860 2237 1024 2302 sententiis

305 2341 517 2425 Hominisque
540 2361 647 2403 curam
671 2361 745 2402 cura
768 2339 888 2404 maiore
911 2343 1098 2425 adgravant.

304 2447 454 2526 Aesopus
477 2442 521 2506 ibi
543 2455 646 2519 stans,
671 2443 942 2507 narisemunctae
964 2435 1081 2522 senex,

278 2562 284 2567 '
304 2527 427 2610 Natura
450 2565 607 2630 nunquam
630 2549 729 2610 verba
751 2545 803 2609 cui
824 2547 929 2628 potuit
951 2549 1046 2610 daret

305 2649 340 2712 Si
361 2670 536 2730 procurare
559 2651 606 2712 vis
630 2660 806 2725 ostentum,
830 2649 968 2726 rustice,

306 2753 457 2829 Uxores,
482 2751 600 2834 inquit,
626 2753 663 2814 du
686 2751 748 2813 tuis
771 2752 968 2834 pastoribus.

282 2971 374 3017 ·tterit
391 2971 422 3016 N.
459 2969 512 3025 (18)
540 2969 598 3032 Qui]
626 2971 656 3016 N.
681 2993 717 3008 -·
740 2970 802 3032 Quis
825 2973 855 3016 P.
881 2973 911 3016 R.
930 2985 954 3028 p.
976 2975 1003 3019 S.
1044 2973 1100 3030 (19)
1116 2977 1257 3040 laeserunt]
1278 2978 1307 3024 N.

304 3043 424 3100 Bongers.
445 3046 468 3086 et
486 3042 536 3086 aiii.
557 3043 583 3086 S.
603 3065 636 3076 -·
654 3043 782 3086 laeserant
800 3041 829 3086 P.
849 3057 874 3098 p.
897 3061 926 3076 -·
946 3044 1057 3090 laeserat
1074 3059 1099 3104 g.

301 3160 304 3164 .
357 3113 416 3156 Fen.
438 3111 482 3156 111.
502 3108 543 3169 (1)
555 3111 690 3166 „Pithoeus
703 3117 727 3156 et
738 3111 875 3171 negatum,
896 3114 972 3171 inquit
981 3115 1080 3160 doctiss.
1092 3117 1169 3162 editor
1179 3120 1308 3166 vinarien-

306 3181 355 3237 sis,
375 3182 530 3225 emendarunt
551 3181 673 3227 oeruct'or.
711 3183 757 3226 Sed
778 3182 884 3226 velocior
906 3189 943 3227 est
965 3185 989 3229 in
1007 3185 1056 3232 Ms.
1079 3185 1144 3230 Pith.
1162 3193 1187 3232 et
1206 3189 1239 3233 its
1259 3191 1308 3234 edi⁴

305 3253 340 3296 tio
365 3251 485 3306 princeps.
523 3251 568 3295 Ubi
592 3265 649 3296 vero
677 3253 865 3298 emendationem
892 3255 948 3298 dure
975 3256 1080 3310 potuerit
1107 3255 1237 3314 Pithoeus,
1269 3259 1308 3317 qui

306 3325 360 3378 post
374 3320 509 3364 Phaedrum
528 3321 630 3375 editum,
662 3322 753 3365 duobus
776 3322 817 3365 vix
840 3324 927 3378 elapsis
951 3324 1087 3378 mensibus,
1118 3327 1168 3372 rito·
1189 3329 1307 3381 decessit,

307 3391 488 3437 considemus.
525 3389 571 3436 Est
586 3391 680 3447 quidem
697 3391 805 3446 profecto
826 3393 939 3436 veracior
956 3393 981 3437 in
1000 3394 1061 3454 Reg.
1084 3391 1214 3452 'exemplari
1237 3412 1308 3442 inenu

307 3460 414 3508 notato.”
432 3459 509 3503 Brun.
547 3460 606 3504 Seil.
624 3469 663 3507 m
679 3461 794 3506 veracior
818 3462 946 3518 adscripsit
961 3476 1005 3506 sno
1027 3466 1157 3519 exemplari
1178 3468 1223 3515 Ed.
1242 3469 1307 3523 prim

307 3532 367 3588 cipis
386 3530 541 3589 Bongorsius.
561 3530 668 3574 velocior
686 3535 754 3575 notet
767 3530 837 3575 etiam
857 3531 918 3576 Gnd.
941 3543 954 3576 e
975 3533 1024 3576 Ms.
1044 3533 1134 3588 (Rem.)
1170 3534 1208 3595 (2)
1228 3535 1309 3598 Vulgo

308 3615 363 3646 erse
371 3596 474 3659 fertur,
505 3612 584 3643 causo
601 3599 647 3643 red
667 3597 726 3658 non]
745 3614 768 3655 p.
788 3602 851 3645 coni.
873 3603 898 3645 S.
920 3622 949 3633 -
969 3603 1043 3661 rotgo
1063 3617 1142 3650 crura
1156 3603 1246 3665 sertor
1264 3604 1310 3653 sed

308 3684 358 3715 nors
375 3670 404 3714 P.
424 3670 454 3714 R.
492 3666 529 3724 (1)
546 3675 713 3726 -peporunt
728 3683 752 3728 g.
777 3669 813 3725 (5)
832 3670 981 3726 exterritus]
1000 3670 1104 3718 N.teste
1119 3675 1248 3734 montilio:
1268 3677 1309 3722 fir·

309 3754 377 3784 rusus
399 3738 494 3784 Pithoei
517 3740 580 3784 coni.
607 3740 687 3797 sieque
715 3753 739 3795 μ.
757 3740 783 3787 S.
809 3761 842 3774 -·
868 3741 1022 3798 perterritus
1045 3743 1075 3787 P.
1097 3744 1127 3788 R.
1149 3755 1187 3792 mo
1204 3749 1308 3792 territur

309 3809 372 3854 Gud.
409 3806 445 3866 (6)
464 3807 639 3867 consulendos]
663 3823 688 3865 p.
711 3811 736 3855 S.
754 3808 967 3854 -xeomotender
984 3812 1015 3858 P.
1035 3825 1060 3870 g.
1080 3835 1113 3848 -·
1131 3815 1307 3862 consultandos

310 3879 341 3924 N.
361 3880 421 3940 (tum
443 3879 535 3939 1³4:
554 3892 654 3924 ruerent
669 3877 805 3934 hariolus.)
841 3877 879 3940 (7)
903 3879 1045 3939 respondet]
1061 3883 1151 3942 uigent.
1170 3887 1196 3930 S.
1211 3898 1248 3918 ’··-
1269 3899 1307 3930 re·

309 3947 410 4006 spondit
423 3948 453 3994 P.
472 3962 497 4008 ς.
517 3963 541 4004 p.
579 3947 614 4006 (8)
633 3973 666 3983 -
684 3948 849 3996 Avertendnm
866 3963 922 3994 esse
938 3951 995 3996 virt.
1016 3952 1045 3998 N.
1083 3949 1138 4008 (to)
1155 3980 1187 3990 -
1207 3954 1239 4000 ΕΙ
1253 3957 1306 4000 ille·

308 4020 410 4080 gitimos
430 4017 563 4083 significat
582 4020 601 4064 1.
627 4019 659 4064 N.
712 4018 765 4077 (11)
791 4040 826 4055 -
852 4021 957 4080 expiare
976 4021 1007 4067 N.
1044 4021 1127 4082 (ibid.)
1150 4024 1255 4085 maiore]
1276 4024 1304 4069 N.
