2788 4772
477 587 597 705 ¹iren.
628 621 715 682 run]

185 769 395 832 SERPENS
418 768 482 834 AD
506 771 703 836 FABRUM
725 771 752 834 F
756 769 1022 836 ERRARIUM.

138 908 385 972 Mordaciorem
409 909 462 993 qni
485 910 625 992 inprobo
649 911 743 974 dente
764 908 903 993 adpetit,

93 1011 171 1075 Hoc
196 1024 446 1094 argumentose
469 1012 608 1076 describi
630 1012 756 1110 sentiat.

138 1115 176 1177 ln
200 1115 359 1179 officinam
380 1114 465 1179 fabri
488 1116 574 1180 venit
595 1115 720 1198 vipera.

93 1219 188 1280 Haec
211 1240 307 1302 quum
330 1229 485 1293 tentaret,
508 1219 536 1281 ei
559 1241 619 1302 qua
643 1241 695 1282 res
719 1230 803 1282 esset
825 1216 906 1293 cibi,

92 1319 222 1382 Limam
247 1321 431 1385 momordit.
475 1321 536 1384 llla
558 1331 669 1385 contra
692 1333 884 1398 contumax,
1087 1327 1106 1386 5

93 1421 181 1501 Quid
205 1443 273 1500 me,
297 1423 418 1508 inquit,
444 1425 559 1499 stulta,
585 1426 676 1486 dente
699 1435 809 1506 captas
831 1424 978 1502 laedere,

94 1527 201 1589 Omne
225 1526 359 1590 adsuc'vi
380 1526 501 1592 serrum
524 1547 605 1610 quae
628 1525 837 1591 concedere?

505 1744 602 1806 [rau.
631 1745 696 1808 ne]

320 1869 327 1886 “
370 1895 555 1960 rueres
577 1897 640 1959 ur
664 1893 835 1960 carun.

135 2039 251 2101 Homo
274 2034 304 2098 in
327 2034 480 2117 periclum
524 2036 616 2100 simui
639 2057 675 2098 ac
699 2035 786 2098 venit
809 2036 965 2115 callidus,

94 2137 254 2219 Reperire
277 2135 430 2220 effugium
454 2136 585 2200 alteriue
607 2137 732 2220 quaerit
754 2137 850 2202 malo.

135 2239 245 2319 Quum
268 2237 435 2302 decidisset
458 2239 569 2320 vulpes
592 2239 623 2301 in
645 2251 777 2321 puteum
798 2238 897 2306 inscia

92 2343 135 2405 Et
158 2342 275 2407 altiore
299 2336 499 2404 clauderetur
523 2341 683 2424 margine,

94 2444 237 2509 Devenit
259 2444 366 2506 hircus
389 2443 499 2507 sitiens
521 2443 552 2506 in
576 2447 708 2506 eundem
731 2444 836 2508 iocum
849 2467 859 2519 ς

96 2547 194 2611 Simul
217 2546 367 2632 rogavit:
394 2558 476 2608 esset
499 2567 538 2608 an
561 2546 661 2608 dulcis
683 2546 790 2629 liquor

95 2649 138 2712 Et
160 2648 343 2734 copiosus?
368 2648 427 2712 Illa
449 2648 594 2712 fraudem
616 2647 769 2712 moliens:

95 2904 128 2962 (i)
147 2933 180 2942 -
199 2913 317 2952 temtaret
336 2909 366 2955 Ρ.
392 2907 422 2955 R.
442 2909 481 2962 t-
503 2909 528 2952 ei
548 2921 596 2968 qun
615 2921 673 2965 epea
691 2912 758 2952 eeeet
779 2907 830 2951 eibi
853 2908 936 2954 ticine.
959 2929 988 2941 ·-
1009 2908 1033 2954 ei
1056 2922 1104 2968 qua

96 2991 136 3021 ree
151 2984 219 3023 eeeet
239 2977 294 3021 citio
312 2978 391 3022 Beati,
413 2977 557 3022 coniecturis
576 2979 656 3034 utique
678 2975 883 3032 supervacaneis.)

145 3048 207 3094 Fae.
228 3046 275 3091 IX.
313 3046 350 3100 (1)
369 3046 430 3090 Cdd.
450 3047 480 3090 P.
502 3052 525 3092 et
542 3047 572 3090 R.
593 3049 627 3092 eie
643 3047 744 3092 habent:

242 3115 280 3161 IN
295 3113 486 3160 PERIGULUM
501 3114 603 3159 SIMUL
621 3113 663 3160 Ac
681 3113 784 3162 VENIT
801 3111 962 3160 cautinus

445 3184 560 3230 VULPIS
579 3183 627 3229 ET
644 3181 756 3229 CAPER.

96 3251 173 3299 Homo
188 3255 268 3301 timul
285 3269 315 3299 ac
336 3254 447 3300 venitin
462 3267 583 3314 magnum
598 3255 752 3311 periculum.
791 3255 843 3312 Qua
866 3267 896 3298 ex
914 3255 1007 3297 ratione
1029 3254 1104 3296 inani-

96 3323 252 3379 factumest,
278 3326 302 3370 in
321 3319 476 3394 ἀρχετύπῳ
501 3326 624 3381 utriusque
650 3323 746 3368 Codicis
764 3337 803 3370 vv.
823 3325 850 3366 in
867 3323 1010 3379 periculum
1028 3322 1107 3365 timul

96 3405 124 3434 ec
143 3393 209 3439 vente
222 3393 332 3439 cuttidne
345 3399 465 3452 tamqnam
482 3396 684 3448 emendationem,
706 3393 864 3450 (etquidem,
886 3397 910 3436 ut
924 3405 1025 3444 censeo,
1047 3393 1104 3445 poti-

96 3465 132 3505 tae
149 3464 226 3518 ipsius
241 3464 314 3510 verba
332 3462 562 3520 repraesentantem)
580 3463 654 3508 verbo
665 3476 708 3506 vuni
728 3469 895 3517 corruptorum
912 3462 998 3506 ‘timul
1018 3473 1047 3502 nc
1064 3471 1104 3502 ee·

98 3532 133 3574 nit
153 3533 180 3576 in
196 3539 317 3595 magnum
332 3534 477 3591 perieulum
499 3533 661 3588 superscripta
677 3532 768 3577 tuisse:
790 3537 874 3587 stupor
893 3537 971 3575 autem
991 3529 1104 3572 iibrario-

98 3613 149 3644 rum
170 3603 366 3661 subsequentium
394 3605 452 3646 haec
478 3615 523 3657 pro
547 3602 617 3646 tituto
642 3601 734 3645 habuit.
772 3601 832 3646 iiiuc
850 3606 915 3645 reete
940 3600 1101 3652 seripserunt:

96 3677 134 3716 Μ
150 3669 229 3717 Homo
256 3675 284 3717 in
304 3673 429 3730 periclum
447 3673 524 3716 etmel
542 3687 572 3714 nc
599 3672 664 3716 uenit
684 3667 794 3715 cn'ltt'due
822 3671 884 3715 Gud.
910 3671 993 3714 Burni.
1023 3668 1048 3711 S.
1071 3685 1100 3698 ·-

99 3733 175 3785 Homo
193 3743 271 3786 etmel
292 3755 322 3784 ne
342 3743 408 3786 venit
431 3742 458 3785 ἰη
481 3741 607 3798 periclum
630 3739 740 3785 cottidiae
767 3740 845 3786 Beati.
869 3759 897 3770 -·
917 3736 997 3782 Homo
1027 3736 1105 3779 timul

99 3819 127 3852 tte
147 3812 257 3857 venitin
278 3823 398 3870 inagnum
423 3810 569 3868 pericnlum
596 3825 618 3864 p.
657 3807 695 3866 (2)
723 3811 761 3853 Sic
788 3810 818 3853 P.
844 3807 953 3860 (eandem
976 3807 1104 3849 tectionem

100 3874 207 3925 ticinensi
227 3881 312 3924 tribuit
324 3879 398 3933 Gud)
417 3881 442 3923 S.
461 3880 552 3934 eyiiebe
571 3893 612 3923 um
625 3879 685 3922 haud
703 3879 775 3922 etiaa.
791 3887 829 3923 mo
847 3875 966 3932 Reperire
981 3872 1102 3936 effugium

103 3951 196 4002 quaerit
213 3950 320 3995 alteriue
341 3949 408 3994 melo
420 3949 498 3994 Benti.
519 3973 551 3983 -
570 3947 681 3994 Alterius
691 3947 821 4008 repperire
843 3946 940 4002 (duplici
954 3959 989 4004 pp
1008 3943 1104 3989 exhibet
