2796 4746
1045 302 1106 366 243

93 464 127 526 si]
146 489 181 500 -
201 463 237 510 Ar
254 465 287 509 ai.
331 461 493 522 (literas)
512 459 629 520 pondera]
650 483 680 494 —
695 457 819 518 pondere.
857 445 1107 513 (1153160611-

63 587 65 592 .
92 533 204 594 venient]
224 559 256 569 -
275 531 436 579 Conveniunt.
486 527 649 589 (1292176)
668 531 732 575 llaec
750 531 779 573 dr
797 527 932 579 mensuris,
967 537 1067 582 quarum
1086 523 1106 566 si

93 607 164 667 signa
182 600 300 664 requiris]
318 625 354 639 -
370 601 485 650 Herode
504 602 633 648 insecutio
651 601 697 646 tibi
713 601 767 645 rint
783 611 846 659 quos
864 597 942 657 signu
960 593 1082 653 requiris.

157 766 245 830 Post
265 767 351 828 hunc
377 786 411 826 v.
437 764 510 826 176.
541 759 717 846 Angelonii
743 767 920 844 sequnntur
943 776 998 820 vv.
1026 752 1105 827 90.,

92 869 148 954 qui
172 871 289 932 absunt
310 870 350 930 ab
373 867 510 931 editione
533 864 730 930 Endlicheri.

134 971 242 1036 Libra
266 971 374 1050 velas
397 991 438 1034 ex
460 969 594 1034 unciolis
618 978 742 1030 constat
765 963 932 1029 duodenis.
958 979 961 990 ’

95 1075 203 1142 Uncia
227 1077 265 1139 de
287 1057 369 1138 libra
392 1073 505 1159 linquit
527 1073 668 1136 subiecta
692 1072 862 1132 deuncem:

91 1182 138 1244 Et
161 1191 291 1243 sextans
314 1180 407 1260 (haec
429 1177 551 1241 scilicet
573 1188 621 1240 est
643 1175 813 1262 geminata)
837 1175 1028 1235 decuneem:

95 1283 186 1347 Hine
221 1285 379 1369 quadrans
408 1284 501 1364 (haec
530 1280 652 1345 scilieet
682 1280 750 1362 ipsa
785 1290 834 1341 ter
864 1278 946 1355 acta)
970 1277 1108 1339 dodran-

739 1395 821 1446 tem:
1047 1380 1108 1441 180

94 1491 177 1554 Inde
201 1489 302 1553 triens
324 1489 437 1572 (ipsius
459 1487 728 1572 quadruplicatio)
751 1486 888 1549 bissem:

96 1593 274 1674 Quincunx
295 1604 497 1676 septuncem3
521 1594 610 1675 quod
631 1603 679 1654 sat
701 1613 757 1654 sua
778 1593 924 1672 pondera
946 1591 1108 1671 produnt:

96 1699 203 1761 Semis
227 1696 408 1772 semissem,
434 1694 567 1758 medium
591 1698 662 1758 dum
687 1690 798 1758 dividit
820 1715 938 1766 assem3

96 1803 169 1864 Nec
192 1812 286 1864 vacat
307 1800 452 1864 unciolae
477 1798 608 1862 mediam
633 1798 794 1862 sescuncia
818 1797 965 1882 iungens.

98 1904 202 1968 Uncia
226 1902 343 1988 viginti
365 1903 522 1985 scripulos
546 1892 577 1966 et
599 1915 753 1986 quattuor
776 1901 894 1963 ambit:
1052 1901 1110 1967 185
1152 1945 1154 1949 ,

99 2006 309 2082 †Dimidium
331 2017 414 2071 stant
436 2028 473 2087 ac
496 2007 652 2070 semuncia
676 2006 789 2068 dicitur
812 2005 891 2068 eius.

100 2111 211 2173 Terna
235 2112 313 2173 duae
336 2109 455 2174 sesclae
477 2129 552 2192 pars
575 2121 623 2172 est
645 2111 817 2192 eademque
841 2108 979 2190 duella„

101 2212 228 2292 Quarta
252 2213 348 2276 siclus
370 2214 423 2277 vel
447 2213 584 2276 sicilicus
607 2213 660 2277 vel
683 2211 817 2296 deniqne
841 2211 930 2273 sicel.

102 2317 350 2380 Sextum-sexta
372 2319 469 2380 modo
492 2317 575 2380 solet
597 2329 628 2379 et
650 2319 747 2380 modo
771 2314 871 2378 sescla
893 2315 1016 2379 vocari.

102 2420 262 2484 Octavam
285 2420 447 2502 appellant
470 2421 650 2482 drachmam
675 2420 727 2482 vel
750 2417 852 2481 rarius
875 2418 1003 2482 holcen.
1050 2421 1111 2485 190

104 2523 149 2586 Et
172 2522 397 2587 duodenariam
421 2523 554 2586 mediam
578 2525 746 2598 †sesolam
772 2521 978 2586 vocitarunt:

99 2625 264 2710 Vigenam
286 2637 432 2710 quartam
456 2627 615 2710 scripulus
637 2648 694 2689 seu
716 2647 858 2710 gramma
880 2635 1051 2691 retentant.

101 2727 194 2793 Unius
217 2729 291 2792 item
313 2729 470 2813 scripulus
492 2731 588 2794 calcis
611 2730 817 2812 componitur
840 2741 934 2805 octo;

101 2820 276 2896 Dimidium
299 2832 431 2916 scripuli
453 2845 501 2897 est
524 2835 661 2909 obolns3
684 2856 759 2917 pars
783 2847 895 2918 quarta
918 2846 1053 2899 cerates.
1161 2861 1162 2864 ¹

106 2935 171 2998 Hic
195 2948 319 3000 sextam
341 2937 419 3022 fingi
441 2938 559 3021 placuit
581 2938 790 3023 siliquamque
813 2938 944 3002 vocari:
1056 2941 1114 3005 195

104 3037 243 3103 Ultimus
266 3052 313 3103 est
337 3041 461 3117 calcus,
486 3041 598 3106 ciceris
622 3045 685 3104 duo
709 3042 841 3126 granula
863 3061 1012 3122 pensens.

167 3144 207 3206 Iu
237 3145 302 3209 hoo
332 3167 367 3207 v.
391 3146 465 3209 196.
504 3145 616 3209 desinit
646 3144 821 3230 Angelonii
852 3143 984 3220 Editio,
1017 3145 1060 3208 ita
1082 3159 1117 3211 ut

105 3245 208 3308 absint
231 3249 270 3310 ab
293 3267 330 3310 ea
352 3246 479 3312 dimidia
500 3271 575 3333 pars
598 3271 633 3313 v.
651 3249 725 3312 166.
771 3248 958 3346 Endlicheri
973 3260 1004 3312 et
1019 3271 1113 3335 seqq.

106 3367 163 3414 vv.
188 3347 282 3414 908.Ι
728 3348 735 3354 ’

158 3495 234 3555 (186)
252 3499 292 3544 sic
310 3504 422 3556 corrupte
441 3500 503 3546 Cod.
522 3519 557 3535 ι·
571 3500 720 3562 Angelouius
739 3506 822 3544 contra
840 3506 943 3546 metrum
962 3507 1021 3546 atat.
1056 3504 1118 3547 For·

107 3571 187 3612 lasse:
220 3568 364 3616 Dimidium
388 3576 484 3625 statue,
516 3585 546 3615 nr
569 3572 700 3618 carnunrice
717 3571 826 3625 dicitur,
847 3573 911 3616 eiua.
960 3569 1034 3628 (191)
1052 3573 1116 3633 Lege

106 3641 224 3685 acrcIom.
261 3638 334 3698 (193)
352 3640 416 3699 Lege
435 3640 542 3687 clreicis.
569 3639 642 3701 (195)
661 3639 747 3686 Hinc?
784 3640 856 3697 (196)
875 3643 939 3701 Lege
958 3639 1087 3688 chalcus·
1107 3670 1117 3680 ·

103 3707 217 3762 pendens
234 3712 271 3756 rel
286 3724 412 3768 perronna.
456 3712 576 3772 ¹Ceterum
593 3717 671 3758 etvv.
695 3709 822 3761 96-109.
841 3715 903 3772 Arg.
941 3709 1057 3773 Signifer
1077 3739 1086 3750 ·
1106 3740 1116 3750 -

108 3780 193 3826 ethos
213 3795 237 3825 r.
260 3777 405 3826 177-196.
438 3783 469 3826 ab
495 3783 590 3828 homine
610 3783 755 3828 scholastico
773 3784 920 3828 Priscianeis
940 3788 1034 3828 assutos
1053 3784 1118 3829 arbi·

49 3861 60 3882 .
108 3851 174 3928 trop:
206 3855 270 3897 certe
294 3853 443 3906 posteriores
462 3854 485 3898 hi
504 3867 596 3899 meram
615 3857 736 3900 contiueat
757 3848 951 3925 παράφρασιν
975 3867 996 3900 s.
1017 3853 1118 3912 amplifi·
1196 3843 1202 3874 ·’

109 3925 227 3967 canonem
244 3935 283 3969 rr.
303 3919 346 3968 11.
367 3935 435 3981 seqq.

454 4047 768 4068 *⁸⁸*—
