2796 4746
315 333 382 398 22¹

317 474 439 560 Plagae
463 487 648 559 supersunt,
672 479 784 542 desunt
806 451 883 542 mibi
904 471 1043 548 cibaria3

318 577 460 644 Subinde
482 573 522 643 ad
541 577 650 644 villam
672 580 784 647 mittor
805 579 872 645 sine
896 577 1032 644 viatico.

317 680 416 746 Domi
438 681 466 745 si
489 693 622 760 coenat,
644 682 722 748 totis
745 695 856 768 persto
878 682 1048 757 noctihus;

317 783 395 848 Sive
416 796 463 848 est
485 797 637 862 vocatus,
660 785 752 851 iaceo
773 791 813 850 ad
833 787 936 852 lucem
958 785 992 849 in
1014 782 1137 848 semita.

226 929 235 940 ι
318 887 451 952 Emerui
470 887 669 965 libertatem,
695 912 791 953 canus
813 889 935 955 servio.
1218 971 1221 976 Δ
1243 897 1246 904 ’
1269 882 1306 944 1⁰
1373 907 1374 1000 J

317 989 422 1056 Ullius
442 1012 542 1054 essem
566 991 677 1074 eulpae
701 992 778 1084 mihi
799 992 827 1058 si
847 991 1013 1070 conscius,

316 1093 435 1178 Aequo
456 1092 563 1159 animo
586 1095 723 1159 ferrem:
748 1119 907 1182 nunquam
929 1119 997 1160 sum
1019 1095 1123 1159 laetus
1146 1101 1233 1156 satur

316 1195 361 1260 Et
382 1217 478 1279 super
497 1196 612 1262 infelix
634 1220 762 1262 saevum
781 1201 890 1282 patior
909 1198 1099 1264 dominium.

204 1311 205 1316 ’
317 1299 388 1362 Has
409 1311 548 1383 propter
569 1323 680 1365 oausas
701 1313 733 1366 et
752 1325 831 1388 quas
852 1302 986 1389 longum
1009 1312 1058 1365 est
1076 1317 1248 1384 promere,

317 1399 423 1466 Abire
445 1401 618 1481 destinavi,
641 1427 707 1490 quo
729 1405 860 1470 tulerint
881 1409 992 1490 pedes.
1265 1397 1301 1460 15

317 1505 432 1590 Ergo,
453 1503 575 1594 iuquit,
597 1507 689 1572 audi:
713 1532 810 1600 quum
832 1509 907 1575 mali
927 1508 973 1572 nil
994 1506 1129 1586 feceris,

316 1609 409 1672 Haeo
432 1608 610 1692 experiris,
633 1622 668 1675 ut
690 1613 812 1689 refers,
834 1612 1063 1680 incommoda:

227 1766 229 1772 s
319 1709 408 1792 Quid
428 1709 456 1775 si
476 1712 647 1795 peccaris?
670 1737 751 1802 quae
774 1726 805 1781 te
825 1737 994 1801 passurum
1012 1705 1130 1798 putas?

319 1811 393 1880 Tali
408 1813 555 1881 oonsilio
576 1826 624 1880 est
645 1837 664 1892 a
684 1817 764 1904 fuga
783 1818 968 1894 deterritus.

719 2045 817 2106 [sss.
836 2047 911 2113 um]

369 2121 535 2250 'nouus
558 2166 881 2249 ousuurenms
908 2169 958 2236 su
981 2163 1248 2242 rssrnruum

606 2348 607 2351 Ν
638 2272 983 2352 veronenses.

431 2411 586 2466 Ferendum
604 2431 663 2466 esee
683 2431 771 2486 aequo
790 2418 884 2472 animo
905 2412 1036 2486 qrricquid
1051 2409 1198 2465 acciderit.

360 2547 488 2632 Equum
509 2567 526 2610 e
546 2544 703 2630 quadriga
726 2543 831 2610 multis
855 2542 971 2628 palmis
994 2541 1141 2620 nobilem

318 2648 443 2734 Abegit
465 2647 593 2735 quidam
616 2659 648 2712 et
666 2647 700 2712 iu
721 2647 890 2731 pistrinum
910 2645 1065 2714 vendidit.

319 2752 506 2818 Productus
530 2756 571 2816 ad
591 2752 764 2817 bibendum
782 2773 884 2836 quum
904 2750 994 2824 soret
1016 2771 1034 2823 a
1056 2746 1170 2825 molis,

319 2855 359 2920 In
380 2853 501 2919 circum
525 2855 672 2940 aequales
694 2853 742 2923 ire
765 2852 935 2943 conspersit
958 2875 1054 2932 suos,

320 2959 367 3024 Ut
388 2969 480 3044 grata
502 2958 585 3024 ludis
604 2960 775 3028 redderent
799 2955 985 3031 certamina.

320 3061 482 3126 Lacrimis
505 3058 650 3136 obortis,
674 3062 724 3134 Ite
744 3060 874 3136 felices,
898 3059 958 3136 ait,

322 3164 494 3230 Celebrate
515 3163 583 3234 sine
604 3186 654 3238 rue
682 3185 777 3228 cursu
798 3163 982 3236 sollemnem
1006 3161 1109 3238 diem:

321 3269 397 3352 Ego
420 3291 486 3353 quo
509 3268 642 3331 scelesta
665 3266 747 3336 furis
768 3265 903 3357 attraxit
924 3287 1051 3354 manus„

321 3370 374 3436 Ibi
393 3382 483 3434 sorte
506 3367 594 3436 tristi
614 3370 681 3445 sata
702 3369 827 3441 deflebo
851 3391 932 3442 mea.

322 3653 423 3710 querele
441 3653 497 3695 vet.
515 3649 591 3714 Neap.
629 3645 667 3706 (9)
686 3647 742 3694 Siue
761 3654 800 3696 est
814 3643 879 3712 roo]
898 3649 919 3706 l,
939 3647 968 3694 C.
987 3650 1017 3694 Z.
1040 3669 1069 3684 -·
1089 3647 1145 3698 Sive
1166 3655 1239 3698 auru
1257 3661 1301 3694 soe.

322 3723 377 3768 Vnt.
399 3721 476 3776 Neep.
524 3717 581 3779 (13)
599 3717 748 3783 dormitatum]
767 3719 807 3765 Sic
825 3721 922 3778 scripsi.
954 3743 984 3766 ·.-
1013 3717 1216 3772 deminuuntur.
1235 3719 1301 3774 Neap-

322 3789 375 3846 (tt)
391 3787 519 3850 proruere]
537 3791 607 3846 „Hoc
626 3803 678 3834 voc.
693 3791 760 3836 deest
777 3791 801 3835 in
816 3790 876 3836 Cod.
897 3792 969 3845 Vah,
988 3789 1119 3836 obscurum
1135 3791 1206 3838 estio
1219 3785 1302 3846 Nasu!

321 3861 383 3907 Mus.
421 3857 939 3918 (16)m'l]l.Z.—uilsilVat.Neep.
986 3849 1003 3900 'a
1057 3853 1060 3859 ’
1260 3913 1263 3918 Ι

376 3931 435 3975 l's.
455 3929 516 3974 XX.
554 3927 593 3988 (l)
613 3945 625 3974 e
644 3927 781 3990 quadriga]
800 3930 882 3975 Burm.
903 3931 923 3978 l.
944 3927 973 3974 C.
995 3929 1024 3984 Z.
1055 3954 1086 3964 -
1115 3937 1138 3975 et
1158 3928 1300 3992 quadrigam

320 4003 375 4054 Vut.
395 4001 470 4058 Neon.
509 3999 545 4056 (8)
563 4009 601 4048 oo
619 3999 844 4049 eburneum.
873 4049 881 4061 ἱ
936 4061 939 4070 .
