2796 4746
266 401 531 480 now

270 544 397 608 Frenos
417 537 538 623 inpone
556 535 698 620 linguae.
723 524 848 616 saepius
869 521 1079 595 conscientia.

271 643 391 711 Gravis
409 663 521 730 poena
534 651 582 704 est
601 635 791 724 poenitenti.
816 633 869 699 cni
884 643 963 716 post
977 631 1098 710 sactum
1113 625 1287 698 crocian*

430 741 436 748 ’
776 749 830 802 tur
852 733 963 800 animi.

175 843 177 846 ¹
271 849 392 917 Gravis
415 859 462 913 est
482 844 650 928 scrupulus
672 840 853 908 delitiscens
869 837 991 903 invisus
1010 836 1044 900 in
1063 846 1222 920 pectore.
1273 851 1276 860 ·

273 959 383 1022 Grave
392 963 439 1016 est
450 951 533 1015 enim
550 951 639 1035 quod
649 947 759 1011 fronte
769 945 853 1008 laeta
865 939 1089 1005 dederistriste
1100 937 1285 1020 recipere.

270 1056 411 1126 Humilia
434 1075 492 1118 nec
511 1054 573 1116 alte
597 1053 724 1115 cadere.
744 1070 803 1112 nec
821 1043 965 1131 graviter
983 1052 1104 1126 potest.
1229 1041 1282 1104 35

270 1166 483 1229 Honestatem
506 1157 624 1219 laedes.
649 1174 721 1217 cum
743 1173 806 1233 pro
828 1147 963 1232 indigno
983 1143 1169 1209 intercedis.
1204 1179 1209 1194 .

270 1269 384 1334 Homo
405 1260 524 1327 totiena
545 1255 697 1322 moritur.
721 1251 870 1340 quotiens
890 1249 954 1314 suin
977 1249 1132 1314 iacturam
1155 1269 1280 1312 rerum

768 1355 913 1443 (patitur.
982 1377 984 1384 ·

271 1473 393 1538 Honor
416 1471 597 1532 honestum.
622 1465 756 1527 decorat
775 1459 991 1522 inhonestum.

271 1577 383 1642 Habet
400 1570 488 1635 virus
511 1567 686 1633 occultum.
704 1563 822 1627 blanda
841 1558 1018 1624 miseratio.

269 1676 446 1743 Hominem
460 1683 552 1738 extra
564 1689 685 1752 eorpus
695 1666 790 1731 facit.
806 1661 920 1728 fenalis
934 1663 1017 1746 (cic)
1030 1656 1192 1729 incensio.
1224 1665 1267 1726 to

272 1779 463 1846 Invectibae
484 1773 567 1858 (cic)
587 1770 695 1836 vocis.
718 1789 879 1854 nunqnam
895 1765 1029 1831 libertas
1049 1776 1148 1830 tacet.

271 1881 463 1949 Iniuriarum
485 1873 661 1964 remedium
683 1883 745 1937 est.
769 1863 910 1936 oblivio.
936 1855 939 1860 Α

272 1983 478 2052 Iracundiam
498 1979 555 2065 qui
574 1972 690 2041 vineit.
712 1976 823 2039 hostes
845 1967 1003 2038 maximos
1022 1957 1213 2038 debellavit.

271 2091 397 2173 Inpune
411 2084 564 2170 profecto
576 2099 706 2165 peccas.
722 2075 779 2164 qni
792 2075 887 2161 prior
901 2074 934 2138 in
949 2096 1020 2140 eum
1035 2076 1236 2158 peccaverit.

269 2191 371 2275 Inopi
392 2185 582 2253 beneficium
600 2183 674 2266 plue
690 2182 757 2244 dat.
781 2179 838 2264 qui
860 2177 1009 2244 celeriter
1028 2190 1185 2272 praestat.
1220 2179 1261 2246 45,

268 2291 457 2380 Ingenuitan
478 2307 544 2354 non
565 2285 632 2351 sert
655 2280 894 2354 contumeliam.

269 2397 395 2463 Invitat
418 2393 544 2478 eulpam
569 2388 738 2474 profecto.
765 2383 825 2470 qui
845 2393 1033 2470 peccantem
1052 2403 1118 2448 non
1143 2384 1222 2452 ulci-

779 2492 900 2555 scendo
923 2488 1093 2572 praeterit.

270 2605 427 2690 Ingratus
449 2599 516 2666 uni.
541 2591 688 2664 omuibus
708 2590 858 2658 miserior
878 2590 1082 2678 ingratescit.

323 2821 380 2884 (31)
398 2821 483 2870 Abest.
503 2820 709 2874 Bidicntumcet,
728 2815 791 2882 quod
809 2815 903 2873 dicam
923 2815 965 2860 aed
983 2816 1079 2860 videtur
1095 2817 1121 2860 tn
1132 2815 1179 2861 hee
1190 2829 1217 2862 v.
1232 2819 1268 2866 ta.

271 2901 336 2944 tere:
356 2893 454 2939 Frenoc
467 2893 566 2950 impone
582 2890 702 2948 linguae,
720 2877 782 2945 peni
799 2886 913 2944 caepiue.
944 2886 1002 2929 Scit.
1017 2875 1060 2940 pe'r
1072 2887 1162 2931 mirum
1174 2888 1265 2942 euphe-

270 2969 382 3012 mismurn
406 2966 432 3010 in
452 2963 546 3009 mediae
572 2960 658 3005 aetatis
682 2957 826 3010 Latinitate,
855 2961 926 3013 atque
951 2955 1087 3001 etiamnunc
1105 2958 1167 3011 apud
1189 2957 1265 3001 italos

271 3035 427 3084 conscientia
443 3033 579 3079 membrum
597 3028 702 3089 genitale
724 3023 852 3085 significat.
890 3021 947 3083 (32)
965 3027 999 3068 “·..·.
1020 3022 1082 3070 256.
1095 3025 1127 3070 0.
1141 3035 1181 3072 oo
1195 3025 1266 3072 Gra-

270 3107 309 3153 oie
324 3106 406 3152 animi
415 3116 501 3163 poena
511 3107 562 3156 cet,
582 3113 653 3159 quem
659 3102 719 3156 poet
725 3093 803 3156 sacta
809 3095 930 3153 poenitet.
942 3094 995 3140 OB.
1031 3092 1088 3151 (33)
1109 3105 1141 3139 2
1155 3093 1216 3144 258.
1231 3095 1264 3142 O.

273 3187 306 3222 Β
319 3174 376 3222 283.
388 3177 417 3220 B.
430 3183 469 3220 (Ν)
482 3171 592 3219 Gravior
601 3168 722 3215 inimicus
730 3172 777 3220 eet,
789 3167 832 3224 qui
843 3165 904 3209 latet
910 3165 937 3208 in
945 3171 1056 3224 pectore.
1066 3165 1117 3213 OB.
1131 3159 1264 3227 (tt-3⁶)

271 3246 372 3295 Ahannt.
390 3246 438 3291 Sed
453 3243 515 3288 inv.
530 3238 572 3288 34.
588 3241 661 3284 latet:
694 3235 807 3290 Gracci,
832 3233 898 3294 quod
912 3231 1002 3294 fronte
1022 3233 1174 3294 laetanea,
1194 3235 1267 3281 tristi

272 3314 372 3374 accipi,·
401 3317 426 3360 in
443 3325 467 3358 v.
494 3309 538 3358 36.
569 3308 733 3354 Honestatem
759 3303 862 3360 laedae,
899 3319 974 3363 quum
996 3317 1046 3364 pro
1069 3303 1178 3366 indigno
1191 3312 1266 3365 petes

273 3388 312 3431 vel
348 3382 524 3430 Hune-etatem.
544 3379 646 3434 laedes,
685 3376 785 3422 neniam
819 3373 926 3436 indigno
959 3381 1056 3433 petens.
1136 3372 1192 3434 (37)
1229 3385 1263 3420 =

273 3452 335 3504 277.
354 3452 386 3499 0.
417 3464 449 3499 ,τ-
467 3447 545 3507 ,304.
563 3451 593 3495 B.
635 3457 674 3496 oo
704 3444 786 3495 Homo
812 3445 1032 3501 toria-emoritur,
1059 3446 1155 3507 quoties
1173 3445 1269 3493 emitur

271 3539 333 3571 eune
348 3524 401 3570 OB.
454 3519 510 3579 (38)
531 3529 564 3566 =
588 3517 648 3564 ost.
670 3517 702 3562 O.
729 3527 760 3561 =
785 3513 844 3560 314,
861 3516 892 3559 B.
910 3525 949 3562 nto
965 3513 1052 3560 Honoc
1071 3513 1204 3561 honestum
1220 3514 1266 3560 de-

207 3634 209 3638 .
272 3600 359 3648 corat,
380 3589 691 3638 tutonecutmnoucoss.
722 3583 782 3643 (39)
802 3597 834 3630 =
855 3582 1268 3632 265.0.=291.n.ecflatu

273 3679 347 3711 auum
360 3677 478 3709 cenenum
495 3659 589 3706 blanda
607 3658 690 3704 oratio
708 3656 760 3702 OB.
798 3651 855 3713 (to)
867 3664 909 3715 ¹=
930 3652 990 3700 274.
1004 3653 1036 3704 O.
1055 3663 1088 3700 :2
1107 3653 1165 3701 302.
1179 3655 1210 3705 B.
1228 3665 1267 3703 ω

272 3733 354 3782 Homo
373 3739 448 3778 extra
468 3745 561 3791 corpu-e
580 3735 620 3774 eut
637 3737 723 3782 suum,
755 3739 830 3786 quum
843 3724 976 3770 ¹irascitur
997 3725 1048 3770 OB.
1098 3722 1159 3786 (41)
1178 3725 1266 3770 Abest.

272 3803 330 3864 (te)
353 3814 385 3848 ε
409 3798 467 3848 374.
488 3802 519 3849 O.
543 3811 579 3859 :y
597 3795 656 3845 355.
674 3799 702 3842 B.
740 3792 914 3854 (to)=822.
929 3794 960 3840 0.
975 3805 1007 3840 .·“.
1024 3791 1083 3842 970.
1099 3793 1128 3844 B.
1152 3804 1191 3842 eto
1210 3795 1268 3839 Ira.

271 3873 391 3920 cundiam
404 3874 447 3933 qui
458 3873 546 3926 vincit,
561 3868 656 3914 hortem
669 3871 774 3924 cuperat
783 3853 935 3934 maximum.
946 3865 999 3910 OB.
1036 3861 1095 3924 (44)
1113 3875 1144 3908 =
1159 3861 1218 3911 222.
1231 3865 1267 3911 0.

276 3955 309 3989 =
330 3941 390 3990 329.
400 3945 429 3988 B.
450 3954 489 3991 oo
508 3941 612 4000 Impune
630 3951 719 3997 pecces
733 3938 761 3982 in
778 3949 850 3990 eum,
872 3935 916 3994 qui
927 3941 1019 3994 peceat
1030 3930 1154 3980 rarior-O.
1165 3947 1173 3992 3
1184 3937 1227 3979 aad
1237 3937 1266 3979 B.

272 4027 327 4060 eum
344 4015 456 4060 Bentleio
469 4013 557 4072 prior,
577 4023 648 4068 quam
667 4008 730 4052 coni.
749 4003 830 4050 firmat
845 4009 895 4068 jem
910 4007 997 4050 Turic.
1033 4002 1089 4062 (45)
1109 4014 1141 4050 =
1157 4002 1218 4050 32⁶.
1233 4004 1265 4049 O.

276 4079 309 4131 ·.·.·“
327 4079 386 4132 ³⁶1.
399 4084 429 4129 B.
453 4081 570 4142 nolnope'
582 4077 731 4144 heneficium
740 4077 779 4126 otc
790 4075 849 4131 dat,
869 4077 913 4143 qui
923 4075 967 4122 dat
976 4075 1103 4128 celeriter.
1118 4073 1170 4120 OB.
1208 4071 1266 4134 (io)
