2796 4746
293 626 477 754 Oi'
574 715 604 788 n

312 872 868 989 runurisrnr

201 1039 271 1100 nu
308 1039 572 1104 nuiouuM
615 1008 979 1130 summumne

96 1202 116 1246 1
131 1202 205 1249 COD.
219 1204 322 1250 ann..
336 1205 368 1250 K.
383 1205 428 1250 ΙΙΙ.
443 1202 485 1252 34.
501 1205 572 1254 SEC.
586 1206 621 1252 X.
638 1205 722 1252 POST
736 1203 869 1251 sument
883 1203 1087 1252 IHGUBTHAM.

137 1522 288 1594 Alienum
312 1536 360 1588 est
382 1545 475 1588 omne
497 1522 652 1610 quiequid
674 1525 818 1606 optando
844 1521 963 1586 evenit.

95 1627 150 1690 Ab
173 1626 239 1692 alio
262 1638 428 1711 expectes.
453 1627 545 1692 alteri
567 1630 656 1713 quod
673 1625 804 1691 feceris.

656 1742 707 1782 tuto

96 1798 233 1863 Animus
256 1799 365 1863 vereri
382 1800 438 1886 qui
460 1799 533 1865 seit.
557 1802 619 1865 scit
639 1813 712 1884 apta
735 1799 877 1886 ingredi.

95 1903 232 1968 Auxilia
254 1903 384 1966 humilia
402 1906 496 1968 firma
516 1905 681 1969 confessus
701 1903 792 1968 facit.

96 2007 204 2072 Amor
226 2007 322 2072 animi
342 2007 480 2072 arbitrio
504 2007 652 2071 sumitur.
676 2029 743 2073 non
765 2007 912 2091 ponitur.
1074 2009 1092 2072 5

97 2110 165 2173 Aut
187 2123 284 2174 amat.
309 2122 363 2174 aut
386 2111 455 2177 odit
477 2110 604 2176 mulier.
625 2110 705 2174 nihil
730 2123 779 2175 est
800 2110 943 2174 tertium.
1034 2159 1035 2174 .

96 2214 152 2277 Ad
174 2215 298 2278 tristem
321 2226 459 2298 partem.
483 2226 611 2278 strenua
629 2212 787 2298 suspicio.

599 2330 637 2370 est

8 2409 9 2414 ¹
98 2389 198 2452 Ames
221 2399 400 2470 parentem.
424 2385 453 2451 si
476 2410 607 2474 aequus.
632 2386 659 2450 si
677 2386 770 2452 aliter
787 2388 887 2453 ieras.

9 2557 10 2560 ,
98 2490 260 2575 Aspieere
283 2501 429 2573 oportet.
452 2494 541 2577 quod
557 2488 664 2574 possis
686 2495 836 2576 perdere.

99 2663 208 2730 Amici
234 2661 331 2727 vicia.
344 2613 392 2726 usi
405 2663 493 2729 seras
514 2685 643 2730 necesse
664 2677 712 2730 est
732 2665 836 2730 facias
857 2679 934 2759 tua.
1057 2669 1097 2732 10

771 2781 810 2821 est

99 2838 251 2904 Alienum
270 2860 323 2903 aes
343 2837 469 2904 homini
490 2837 632 2923 ingenuo
656 2841 774 2903 acerba
800 2840 952 2906 servitus.

99 2944 278 3007 Absentem
299 2941 411 3007 laedit.
434 2965 505 3006 cum
523 2941 617 3007 ebrio
637 2941 693 3028 qui
712 2941 831 3028 litigat.

99 3049 223 3116 Amans
244 3045 345 3110 iratus
368 3046 465 3109 multa
487 3043 637 3141 mentitur
661 3044 737 3110 sibi.
771 3059 774 3066 ’

100 3151 234 3214 Avarus
254 3148 323 3232 ipse
346 3147 493 3212 miseriae
517 3161 679 3212 causaest
701 3171 788 3222 suae.

102 3257 225 3318 Amans
246 3251 326 3339 quid
345 3251 467 3336 cupiat.
491 3251 564 3316 scit.
586 3253 664 3338 quid
678 3253 801 3338 sapiat.
823 3276 889 3319 non
911 3255 1011 3320 videt.
1058 3259 1098 3322 15
1162 3290 1165 3296 ·

152 3461 196 3522 (1)
216 3472 248 3506 =
271 3459 313 3510 11.
331 3461 362 3506 Ο.
385 3471 417 3506 .··.·
437 3459 479 3506 17.
502 3461 531 3506 B.
551 3485 584 3497 -
603 3458 702 3506 homine
719 3461 749 3509 B.
768 3472 806 3509 ω
824 3463 889 3506 veuit
908 3463 959 3508 OB.
1004 3462 1042 3520 (2)
1064 3475 1096 3508 ..··.

102 3531 127 3583 2.
147 3533 179 3579 0.
201 3531 227 3577 2.
245 3533 275 3580 Β.
296 3556 330 3567 -
349 3533 430 3576 alteru
444 3531 474 3576 B.
512 3523 552 3588 (3)
580 3541 612 3575 =
631 3529 673 3577 18.
692 3531 723 3578 Ο.
749 3542 780 3575 =
809 3530 850 3578 19.
869 3534 898 3576 Β.
921 3555 950 3564 —
972 3538 1024 3578 tutu
1043 3533 1096 3578 OB.

101 3600 142 3660 (1)
163 3615 196 3648 =
220 3598 262 3648 67.
280 3601 312 3648 0.
336 3613 367 3646 =
391 3599 432 3647 66.
451 3603 481 3646 Β.
503 3611 542 3648 ω
562 3615 701 3646 consensus
718 3601 770 3646 OB.
836 3601 872 3656 (5)
893 3614 925 3646 =
947 3599 988 3649 3⁶.
1010 3603 1042 3648 0.
1064 3613 1097 3647 =

101 3670 191 3720 36.B.
248 3668 287 3730 (6)
308 3683 340 3717 =
365 3669 407 3718 66.
425 3671 457 3718 0.
479 3682 511 3716 =
537 3667 579 3717 65.
598 3672 628 3717 Β.
683 3669 721 3730 (t)
745 3682 776 3716 =
800 3670 823 3716 t.
846 3673 875 3716 0.
902 3684 932 3716 =
956 3669 996 3718 10.
1013 3675 1042 3718 Β.
1060 3681 1101 3719 me

100 3750 207 3788 strenua
221 3748 261 3788 eet
276 3742 328 3789 OB.
383 3739 422 3797 (8)
444 3752 476 3786 =
497 3739 539 3786 21.
561 3741 593 3786 0.
613 3751 646 3785 =
667 3740 710 3788 22.
731 3742 761 3787 B.
828 3741 866 3799 (9)
890 3753 921 3786 =
944 3739 986 3788 55.
1007 3743 1038 3792 Ο.
1064 3752 1097 3786 =

102 3811 126 3876 2.
145 3815 175 3859 Β.
195 3823 236 3861 5³0
256 3809 378 3872 quidquid
396 3811 463 3857 nolis
476 3811 587 3870 perdere
606 3811 658 3856 OB.
696 3808 741 3868 (10
779 3824 811 3857 =
834 3810 876 3858 29.
895 3811 926 3856 0.
950 3823 981 3856 =
1004 3812 1046 3858 29.
1067 3813 1098 3858 Β.

99 3892 138 3930 ω
155 3883 317 3930 Amicirt'te'a
334 3877 460 3942 risam,
473 3878 610 3941 societur
628 3881 681 3926 ΟΒ.
718 3879 828 3938 (une.-
851 3879 892 3926 13.
907 3882 937 3928 Ο.
960 3893 991 3929 =
1016 3881 1097 3927 tun.

98 3963 138 4000 so
159 3939 255 3998 astrea
272 3958 311 3998 ..ι
327 3965 393 3998 mu
415 3951 467 4000 ou.
509 3949 567 4008 (12)
589 3962 621 3996 .-.
641 3947 666 3996 t.
687 3949 718 3996 0.
743 3962 776 3995 =
797 3949 822 3996 r.
844 3953 874 3999 u.
922 3947 976 4007 (13)
998 3964 1030 3997 =
1057 3949 1098 3996 16.

100 4023 132 4068 ο.
158 4035 191 4068 =
212 4010 259 4070 eu.
280 4023 310 4070 u.
346 4017 408 4086 (14)
430 4031 462 4066 =
485 4018 527 4066 ⁶1.
550 4019 581 4066 0.
608 4031 641 4065 =
662 4017 705 4066 su.
730 4022 759 4067 u.
808 4021 862 4078 ns)
886 4032 917 4068 =
943 4019 985 4067 17.
1005 4022 1036 4068 0.
1065 4033 1097 4068 =
1203 4049 1205 4053 -
