2788 4772
703 585 802 651 [rna.
828 585 942 652 nain]

566 739 785 806 FORMICA
806 741 869 805 ET
893 736 1068 806 MUSCA.

364 881 434 964 [Nil
457 901 570 966 agere,
594 886 682 965 quod
704 903 769 947 non
791 881 919 964 prosit,
942 882 1058 970 fabella
1080 870 1228 960 indicat]

224 973 225 976 ¹
322 984 471 1050 Formica
494 997 525 1047 et
547 1007 654 1048 musca
675 987 909 1049 contendebant
931 984 1066 1059 acriter,

321 1089 412 1166 Quae
434 1089 534 1170 pluris
557 1099 653 1151 esset.
697 1089 812 1150 Musca
835 1089 883 1152 sic
905 1087 1012 1168 coepit
1033 1084 1148 1167 priora

321 1190 483 1254 Conferre
506 1191 625 1254 nostris
647 1200 682 1252 tn
702 1201 798 1271 potes
820 1201 850 1254 te
872 1189 1042 1254 laudibus?

320 1294 386 1357 Ubi
406 1294 607 1366 immolatur,
630 1305 704 1356 exta
727 1304 903 1376 praegusto
926 1296 1036 1367 dedm3

319 1397 443 1462 Moror
464 1396 549 1459 inter
570 1418 660 1472 aras,
684 1397 801 1478 templa
823 1395 987 1477 perlustro
1010 1393 1125 1458 omnia.

319 1500 359 1565 In
382 1499 485 1580 capite
506 1498 594 1581 regis
617 1502 730 1574 sedeo,
755 1521 853 1582 qriiinr
876 1497 976 1560 visum
999 1509 1048 1560 est
1069 1496 1164 1573 mihi,

321 1603 365 1663 Et
387 1615 604 1665 matronarum
627 1614 712 1664 casta
735 1601 840 1665 delibo
864 1602 985 1664 oscirla.

321 1705 455 1768 Laboro
477 1704 574 1780 nihil,
598 1716 691 1788 atque
715 1704 843 1785 optimis
865 1705 961 1764 rebus
983 1701 1088 1766 fruor.
1311 1769 1314 1773 ,

322 1806 407 1887 Quid
428 1809 543 1870 horum
566 1807 668 1869 simite
691 1806 748 1868 tibi
770 1805 943 1895 contingit,
967 1803 1109 1868 rustica?
1214 1849 1219 1857 »
1288 1809 1323 1866 tn
1370 1816 1371 1882 t

320 1911 381 1971 Est
406 1909 568 1992 gloriosus
591 1930 666 1971 sane
690 1908 856 1971 convictus
879 1911 989 1984 deum,
1370 1905 1371 1922 ³

322 2013 385 2074 Sed
406 2011 471 2086 illi,
495 2010 549 2093 qui
570 2010 741 2086 invitatur,
766 2032 830 2074 non
853 2009 907 2095 qui
928 2007 1047 2072 invisus
1071 2018 1131 2074 est.

321 2117 430 2200 Reges
451 2134 682 2178 commemoras
705 2126 736 2176 et
759 2123 972 2177 matronarum
996 2115 1117 2177 oscula.
1371 2107 1372 2114 ¹

321 2220 396 2302 Ego
420 2239 552 2301 granum
574 2216 606 2279 in
629 2216 763 2279 hiemem
786 2237 881 2298 quum
905 2217 1045 2279 studiose
1068 2237 1237 2302 congere,

322 2321 371 2383 Te
395 2321 478 2384 circa
501 2342 624 2383 murum
646 2320 734 2403 pasci
757 2319 850 2383 viden
873 2330 1030 2382 stercore.

320 2425 405 2488 Aras
426 2423 630 2507 frequentas:
655 2443 766 2504 nempe
788 2421 946 2506 abigeris,
971 2444 1035 2505 quo
1058 2423 1158 2486 venis.
1373 2366 1374 2460 1

321 2528 409 2591 Nihil
432 2529 579 2612 laboras:
603 2527 675 2590 ideo
698 2537 793 2610 quum
817 2547 898 2608 opus
921 2538 985 2599 est,
1009 2525 1052 2589 nil
1073 2528 1184 2588 habes.

324 2631 430 2717 Super
453 2629 545 2691 etiarn
567 2629 683 2705 iactas,
710 2643 820 2712 tegere
843 2630 930 2712 quod
951 2631 1044 2691 debet
1064 2631 1183 2711 pudor.

321 2732 454 2794 Aestate
477 2753 526 2793 me
548 2731 694 2805 lacessis;
719 2754 813 2815 quum
837 2734 949 2793 bruma
972 2744 1035 2805 est,
1060 2733 1146 2796 siles.

322 2833 415 2897 Mori
437 2827 630 2898 contractam
654 2856 749 2918 quum
773 2845 803 2896 te
827 2845 948 2918 cogunt
968 2834 1115 2918 frigora,
1143 2898 1151 2907 ,
1287 2840 1325 2900 20

309 3106 313 3119 ¹
373 3093 432 3140 ris.
453 3094 548 3146 xxiv.
594 3086 634 3154 (1)
652 3094 807 3138 Versiculum
829 3105 841 3137 e
865 3090 920 3137 Lib.
945 3091 974 3149 3,
1003 3089 1051 3149 17,
1078 3090 1119 3139 13.
1140 3087 1178 3140 hic
1195 3096 1324 3152 repetitum·

321 3170 386 3209 reete
419 3167 540 3210 eiecerunt
559 3165 647 3222 urgan.
672 3164 718 3208 Ed.
749 3161 774 3208 2.
808 3164 880 3220 seqq.
909 3187 942 3197 -
965 3163 1020 3223 Nil]
1044 3178 1068 3219 p.
1088 3189 1121 3198 -
1138 3163 1211 3210 Nttu
1233 3167 1261 3210 P.
1292 3169 1321 3211 lt.

322 3231 358 3290 (1)
377 3231 508 3294 Conferre]
526 3235 556 3280 N.
581 3248 603 3289 p.
624 3236 650 3278 S.
671 3254 700 3268 -
718 3229 831 3291 conferri
852 3234 882 3278 P.
906 3246 931 3291 g.
952 3253 986 3268 -
1002 3235 1096 3288 „Falso
1111 3239 1214 3280 testatur
1231 3237 1325 3281 Gndius

321 3298 360 3348 hic
375 3318 429 3348 esne
446 3307 469 3351 iu
490 3307 550 3350 Cod.
573 3317 632 3348 num
653 3317 697 3358 pro
718 3302 770 3346 tu.''
792 3303 870 3348 Bnnc.
907 3303 971 3347 Nihil
994 3305 1110 3348 eiusmodi
1128 3305 1199 3350 affert
1214 3305 1323 3362 Gudius;

321 3376 363 3420 sed
383 3388 442 3418 num
467 3381 519 3419 erat
540 3387 715 3429 supervacanea
737 3373 841 3416 Walchii
869 3374 984 3428 suspicio.
1032 3368 1095 3435 (10)
1113 3398 1145 3408 -
1164 3377 1269 3436 contigit
1292 3377 1323 3422 N.

320 3437 385 3506 (11)
405 3463 434 3476 -
457 3445 629 3504 glorioriosus
654 3456 678 3502 5.
710 3465 743 3476 -
766 3443 844 3498 plane
866 3442 898 3490 N.
939 3437 997 3503 (12)
1017 3444 1113 3488 -iliu
1130 3445 1161 3489 Ρ.
1184 3459 1207 3490 a.
1228 3459 1264 3500 pr.
1285 3462 1320 3491 in.

220 3521 222 3525 ⁴
321 3511 384 3576 (13)
412 3535 443 3548 -
469 3518 686 3560 coininemorncset
712 3518 787 3558 rnntr.
815 3525 839 3571 5.
894 3511 1040 3569 (15))11111
1060 3511 1140 3572 rideo]
1159 3515 1188 3558 N.
1206 3516 1323 3576 Heusing.

321 3587 348 3630 S.
368 3609 401 3620 -
419 3583 490 3629 rideo
503 3584 579 3641 punct
597 3585 626 3626 P.
646 3583 674 3626 R.
694 3596 716 3637 p.
753 3576 814 3643 (1⁶)
831 3602 865 3616 ·-·
883 3581 978 3626 abieris
999 3583 1030 3627 N.
1067 3580 1322 3642 (11)π11]ρ.8.-

320 3651 386 3706 us'ln'l
404 3655 434 3704 Ρ.
461 3675 493 3688 --
520 3653 622 3712 ideoque
646 3649 711 3696 nihil
731 3648 808 3694 tabu
833 3651 864 3695 N.
900 3645 961 3712 (13)
980 3651 1060 3708 Super
1082 3653 1156 3697 etium
1180 3653 1272 3713 metas]
1291 3656 1321 3700 P.

320 3725 350 3768 R.
372 3723 402 3768 N.
423 3727 448 3768 S.
469 3744 503 3758 -·
520 3722 629 3780 superba
650 3723 732 3765 luctam
751 3735 774 3776 p.
811 3719 896 3778 (ibid.)
914 3719 995 3780 debet]
1014 3722 1044 3766 N.
1066 3736 1089 3777 p.
1107 3724 1133 3770 s.
1154 3745 1188 3760 -
1205 3723 1278 3768 debes
1291 3726 1320 3769 Ρ.

321 3795 351 3837 R.
389 3793 472 3850 (thid.)
491 3793 597 3847 Ordine,
624 3805 694 3849 quem
721 3793 882 3844 sensuimus,
908 3791 951 3834 bos
976 3790 1321 3841 versiculos12-18.exhi·

321 3864 379 3909 bert
394 3863 424 3908 P.
450 3864 480 3908 R.
507 3864 537 3908 N.
565 3877 588 3918 p.
626 3863 672 3906 Sed
696 3861 814 3920 Bongars.
841 3861 930 3918 Rigalt.
949 3862 972 3904 in
993 3858 1039 3906 Ed.
1061 3860 1084 3906 1.
1105 3863 1131 3908 S.
1152 3863 1259 3918 Zeilins,
1290 3866 1322 3908 ita

322 3946 364 3979 eos
381 3939 552 3988 transponunt:
587 3929 627 3977 1⁶.
647 3931 714 3976 Arna
733 3957 743 3966 -
762 3956 772 3966 ·
799 3929 839 3976 12.
858 3929 939 3990 Reges
959 3957 968 3966 ·
988 3955 997 3968 ·
1026 3929 1067 3976 18.
1087 3930 1168 3992 Super
1191 3934 1265 3976 etiam
1283 3957 1292 3968 ι
1312 3957 1321 3968 ·

324 4001 366 4049 17.
391 4001 463 4048 Nihil
486 4004 587 4049 dodorus
612 4027 621 4038 ·
647 4026 656 4038 ·
695 3998 735 4046 11.
760 3998 816 4064 Ego
840 4015 951 4062 grumam
970 4025 979 4036 ·
1000 4023 1009 4037 ·
1059 3999 1100 4047 t5.
1128 4001 1163 4047 Te
1188 4004 1259 4047 circu
1282 4026 1320 4039 «ι
