2788 4772
84 539 128 584 ex
154 519 267 584 eodem
299 517 474 600 exemplari
499 514 663 582 rideantur
680 516 843 602 descripti.
903 518 1094 588 Correctio·

87 644 143 686 nes
167 635 310 686 autema
345 622 481 686 secunda
516 641 607 683 manu
637 619 668 684 in
698 622 848 688 Rerucnsi
875 621 979 688 iactae
1007 625 1092 689 eius·

90 725 173 789 modi
196 737 287 802 suut,
312 736 346 787 ut
365 724 537 807 pleraeque
559 743 577 786 a
596 724 777 788 recentiore
792 724 902 810 aliquo
921 727 1091 813 philologo

90 849 131 892 ex
149 827 281 893 Pithoei
302 838 333 892 et
355 820 491 910 Rigaltii
513 825 598 889 Edd.
621 825 789 911 proiectae
803 827 981 894 rideantur.
1005 831 1093 896 Nori

89 939 178 995 certe
199 923 277 992 nihil
299 929 474 994 continent.

158 1029 227 1096 111.
250 1031 355 1096 Vetus
377 1026 521 1098 Danielis
549 1032 691 1096 chat-tuda
715 1033 789 1097 Sec.
812 1033 896 1098 XII.
918 1034 1014 1098 variis
1033 1055 1093 1102 no·

8 1211 13 1216 ,
88 1134 228 1199 minibus
249 1133 397 1218 insignita
419 1145 602 1198 asservatur
626 1129 719 1199 etiam
742 1155 824 1200 nunc
847 1135 881 1198 in
900 1135 1094 1202 Bibliotheca

86 1235 260 1302 Vaticana.
301 1239 543 1301 Asseverabant
576 1237 677 1324 vulgo
708 1238 740 1301 in
775 1256 812 1302 ea
842 1249 966 1302 exstare
990 1231 1092 1306 XXI.

88 1337 215 1432 priores
239 1339 363 1403 iabnlas
386 1339 480 1404 Libri
512 1339 607 1421 primi
616 1340 660 1420 i).
705 1340 768 1402 Scd
795 1339 971 1404 accuratius
997 1363 1093 1426 quum

89 1465 193 1524 nuper
206 1442 245 1506 sit
261 1441 404 1524 inspecta
420 1463 436 1504 a
451 1440 653 1524 Goettliugio
665 1441 711 1506 V.
724 1439 765 1506 C.
778 1441 856 1521 (cir.
865 1441 1036 1522 ,Schwabii
1045 1445 1093 1510 V·

91 1545 138 1612 C.
150 1544 409 1626 scriptiunculam
419 1543 449 1606 iu
465 1543 613 1630 Seebode
629 1546 765 1610 Nenem
779 1545 919 1610 Archiv.
937 1545 1032 1609 1829.
1048 1547 1092 1610 Ν.
1141 1579 1145 1591 =

91 1649 162 1727 16.)
172 1647 237 1709 eius
250 1668 291 1710 ex
303 1644 484 1710 testimonio
493 1656 613 1728 septem
626 1646 787 1707 dumtaxat
798 1645 891 1708 Libri
899 1647 991 1728 primi
1001 1646 1095 1711 iabu-

90 1748 310 1824 lascontinet;
335 1766 389 1811 cae
403 1757 477 1810 stunt
499 1747 551 1811 11.
568 1745 620 1809 12.
638 1747 693 1810 13.
710 1748 763 1810 17.
790 1749 842 1812 18.
867 1749 920 1812 19.
945 1749 996 1844 21.
1020 1751 1095 1814 Hoc

91 1863 196 1915 autem
217 1851 243 1914 si
275 1872 385 1914 verum
415 1861 480 1924 est,
512 1870 651 1933 ‘quonam
675 1851 772 1914 modo
803 1851 964 1935 Rigaltius
990 1835 1096 1934 potuit

91 1955 215 2018 referre
238 1954 270 2016 in
291 1952 418 2017 fabulae
447 1951 498 2028 16,
520 1969 554 2016 u.
579 1953 611 2015 1.
636 1962 775 2016 ueterem
798 1953 942 2017 Danielis
966 1956 1095 2018 chartu-

92 2059 154 2120 lam
177 2059 294 2119 habere
323 2071 444 2118 nomen
471 2051 705 2140 quambene,
729 2059 892 2138 quomodo
915 2055 946 2119 in
967 2055 1096 2121 fabulae

97 2160 151 2237 20,
185 2181 219 2223 v.
244 2160 276 2223 5.
300 2159 382 2222 idem
408 2154 568 2242 Rigallius
592 2167 685 2242 atquc
708 2157 880 2222 Heinsius:
915 2159 986 2232 „V.
1010 2158 1095 2223 Dan.

95 2261 180 2328 cod.
203 2261 362 2326 ebibet·e''
386 2263 462 2344 (pro
483 2259 608 2340 bibere)
631 2273 661 2323 et
684 2263 723 2322 ad
745 2282 832 2324 vers.
856 2259 889 2325 9.
912 2271 1022 2324 rtursus
1037 2255 1098 2326 Ri-

94 2363 208 2450 gattius
222 2385 230 2427 a
255 2411 270 2438 „
283 2360 329 2430 Τὸ
348 2363 395 2427 ibi
407 2365 495 2426 abest
511 2385 528 2426 a
542 2361 583 2427 C.
594 2355 834 2426 Danielis”-?
856 2359 983 2426 Novem
995 2361 1097 2446 igitur

90 2468 225 2534 fabellas
248 2466 300 2530 hic
321 2465 354 2528 in
378 2466 503 2530 schedis
519 2464 586 2528 istis
608 2475 785 2546 repererat.
830 2464 896 2527 Iam
921 2477 999 2527 vero
1017 2485 1096 2528 con·

91 2581 156 2634 etat
181 2591 198 2636 c
221 2591 310 2634 mero
339 2588 452 2652 errore
484 2561 571 2643 esse,
606 2569 693 2651 quod
722 2561 872 2630 Heinsius
894 2566 927 2633 in
955 2566 1098 2650 Prologi

93 2695 128 2735 v.
153 2675 185 2736 1.
210 2674 303 2734 affert
321 2669 486 2755 prudenti
509 2690 526 2732 e
548 2671 668 2734 Vetere
689 2667 831 2744 Codice,
862 2668 1023 2746 Danielis,
1063 2678 1097 2730 ut

96 2775 328 2859 opinaturum
351 2796 449 2858 quum
472 2771 513 2858 sit
531 2771 639 2856 potins
662 2771 835 2856 Bougarsii
859 2771 1054 2836 coniectura.

159 2877 223 2940 Sed
249 2898 314 2960 qno
334 2876 444 2940 melius
461 2873 560 2938 totius
582 2871 751 2958 fragmenti
774 2874 898 2938 indoles
921 2873 1097 2956 perspicia·

98 2993 171 3056 tur,
192 2980 352 3064 'integram'
374 2978 440 3043 eiius
463 2978 648 3041 varietatem
664 2977 716 3040 hic
729 2976 858 3039 irinctim
878 2975 1096 3042 exhibebimus

94 3105 167 3146 cum
205 3079 398 3166 singularum
423 3081 607 3144 'lectionum
647 3078 915 3155 attctoritatibus‚
954 3077 1099 3142 videlicet

93 3184 229 3270 urgant
251 3183 343 3265 (u),
376 3182 502 3247 Heinsii
524 3184 618 3264 (ιι),
654 3181 750 3245 curu
773 3183 856 3263 (a).
899 3180 990 3262 Quae
1013 3167 1098 3246 astl-

91 3289 212 3353 riscum
231 3288 369 3364 habent,
396 3307 413 3348 a
435 3284 528 3350 nobis
549 3295 697 3368 receptae
719 3297 804 3350 sunta
983 3313 988 3326 ¹

95 3429 126 3503 1)
145 3425 215 3486 Lib.
235 3427 261 3484 I.
288 3425 344 3486 XI.
365 3430 394 3488 6.
415 3427 433 3460 ⁴⁸
451 3434 510 3498 ipre
530 3431 671 3498 exciperet
689 3425 740 3482 Η.“

94 3528 126 3589 2)
201 3561 217 3594 ‚,
311 3562 328 3594 ,7
364 3524 394 3580 6.
452 3517 647 3576 auriculariis
668 3517 708 3575 Η.

95 3615 126 3689 ὅ)
200 3656 216 3687 ‚,
311 3657 326 3686 ,‚
364 3615 392 3674 7.
453 3615 609 3668 Clamorem
627 3611 748 3666 subitum
766 3611 804 3672 11.

99 3708 130 3782 d)
204 3750 220 3782 „
314 3743 329 3779 „
369 3709 395 3768 7.
454 3712 523 3760 totis
542 3708 618 3760 sollu
636 3705 676 3762 H.

99 3799 130 3873 5)
202 3844 218 3875 „
311 3841 327 3872 ,
365 3796 630 3872 solemmter
647 3800 684 3858 11.
705 3797 746 3856 Η.

149 4013 175 4074 ια)
194 4016 265 4070 Nou,
287 4021 311 4062 ut
329 4018 362 4064 eit
378 4017 471 4077 Bergsr
488 4031 543 4076 pag.
564 4008 594 4070 i,
614 4011 721 4062 secundi.

141 4099 231 4142 hlefi
249 4100 347 4142 Fabulae.
769 4087 790 4154 2
