2788 4772
283 319 324 382 51

279 456 390 522 Gratis
413 458 578 530 anhelans,
604 456 847 538 multa'agendo
870 454 947 517 nihil
971 475 1090 538 agens,

283 560 352 624 Sibi
374 556 506 628 molesta
529 571 560 622 et
583 558 652 620 aliis
675 557 897 621 odiosissimus

282 648 382 727 Hanc¹
399 666 587 737 emendare,
602 661 638 752 ¹si
659 673 762 723 tamen
785 682 937 742 possum,
964 661 1042 724 volo

281 767 370 830 Vera
392 767 529 830 fabellas
552 764 688 848 pretium
712 775 760 826 est
782 785 901 844 operae
925 766 1101 829 attendere.

325 869 448 934 Caesar
470 867 620 932 Tiberius
643 889 738 950 qrrrim
760 879 870 948 petens
894 866 1063 948 Neapolim

282 975 319 1038 ln
343 972 559 1036 Misenensem
582 971 686 1035 vilium
710 970 848 1033 venisset
871 991 977 1045 stram,

283 1077 375 1157 Quae
398 1085 506 1138 monte
529 1079 652 1142 stimmo
674 1074 778 1154 posita
802 1073 932 1139 Luculli
955 1093 1047 1134 manu

282 1181 477 1259 Prospectat
500 1175 641 1240 Siculum
664 1187 695 1239 et
717 1175 906 1256 †prospioit
930 1175 1071 1242 'Priscum
1095 1195 1200 1250 mare,
1263 1177 1308 1241 tu

284 1282 338 1352 Ex
361 1279 535 1348 alticinctis,
547 1300 626 1341 nutis
650 1277 860 1352 curiensibus,

286 1381 349 1450 Cui
370 1382 475 1447 tunica
497 1384 537 1445 ab
560 1382 698 1446 hruneris
720 1380 820 1444 linteo
841 1380 975 1446 Pelusio

285 1487 369 1558 Erat
390 1484 560 1560 destricta,
582 1483 675 1548 cirris
698 1484 965 1565 dependentibus,

285 1588 532 1660 Perambulante
554 1588 636 1657 laeta
658 1588 789 1651 domino
812 1587 944 1662 viridia,

283 1691 425 1758 Alveolo
448 1689 557 1772 coepit
578 1690 686 1774 ligneo
709 1709 925 1773 conspergere

283 1795 424 1864 Humum
447 1803 658 1870 aestuantem,
681 1791 834 1866 †iactsns
859 1791 995 1866 officium
1018 1813 1129 1858 come:

285 1898 350 1966 Sed
372 1895 545 1964 deridetur.
590 1895 669 1958 lude
691 1894 777 1958 notis
798 1893 935 1956 flexibus

286 1995 476 2064 Praecurrit
498 1996 591 2059 alium
606 1995 643 2058 in
667 2007 814 2075 xystum,
839 1999 949 2059 sedans
972 1997 1152 2078 pulverem.

285 2099 446 2188 Agnoscit
466 2098 624 2164 hominem
647 2097 769 2162 Caesar
789 2119 921 2184 remque
942 2098 1120 2186 intellegit:

284 2204 303 2240 *³
325 2214 360 2266 ut
381 2201 506 2286 putavit
527 2223 596 2273 esse
618 2200 726 2264 nescio
750 2200 825 2285 quid
847 2201 943 2272 bonis
1255 2205 1301 2268 2ss

285 2305 395 2370 Heus!
418 2304 521 2390 inquit
541 2302 701 2368 dominns.
745 2304 805 2367 Ille
829 2303 993 2370 enimvero
1007 2305 1140 2383 adsilit,

286 2407 479 2482 Donationis
501 2409 605 2472 alacer
627 2418 731 2471 certae
755 2407 884 2491 gaudio.

337 2658 398 2703 Pru.
418 2660 449 2704 V.
485 2656 546 2704 Item
565 2653 671 2716 Gncsur]
689 2657 729 2701 Sic
747 2658 777 2702 tt.
796 2656 826 2703 tt.
846 2653 908 2710 „Cet
925 2657 982 2702 item
1001 2655 1135 2702 donnercit
1153 2651 1169 2702 is
1184 2671 1295 2716 pensor,

285 2729 345 2786 pu’il
370 2741 389 2787 γ
414 2741 430 2770 a
457 2729 559 2786 quelque
583 2729 672 2777 lucens
695 2725 871 2782 pre‘cc'dente.”
912 2727 1025 2776 vincent.
1044 2727 1098 2770 Det.
1123 2728 1181 2770 item
1199 2729 1249 2774 iam
1270 2743 1297 2786 p·

286 2795 326 2856 (1)
344 2794 512 2855 ardelionum]
531 2797 590 2850 „Sic
612 2795 751 2844 Schwnbius
770 2809 823 2841 cour
841 2795 953 2842 Pithoso.
975 2816 1004 2827 -
1025 2793 1186 2841 ardalionum
1203 2798 1234 2843 P.
1248 2800 1295 2852 tt„

285 2868 347 2924 quod
370 2868 501 2911 Salmasius
526 2867 631 2914 tuetur.’'
648 2865 726 2912 Beer..
774 2862 814 2921 (2)
838 2870 960 2920 occupato
978 2863 1005 2908 in
1027 2862 1086 2923 otio]
1112 2878 1135 2920 p.
1156 2867 1181 2914 S.
1201 2888 1233 2900 -
1252 2881 1297 2920 oe,

285 2941 377 2994 cupotc
402 2937 468 2984 notio
491 2936 521 2987 P.
546 2933 576 2980 ll.
614 2931 654 2992 (8)
679 2933 710 2977 In
729 2930 912 2992 Misenensem]
938 2948 961 2988 p.
982 2934 1008 2978 S.
1031 2953 1060 2976 -e
1079 2933 1110 2978 ln
1124 2932 1297 2981 Misincnsem

285 3006 317 3050 ll.
339 3027 368 3038 -
393 3003 605 3049 Immisinienscm
634 3005 665 3052 Ρ.
694 3003 734 3059 (In
757 3001 934 3055 Misiniensem
964 3003 1030 3048 Pith.
1058 3003 1082 3048 in
1109 3005 1170 3048 var.
1200 3005 1301 3060 Lecti.)

284 3075 354 3130 (‚,Sic
373 3087 416 3130 pro
438 3073 469 3118 in
485 3072 679 3127 Misiniensem,·
706 3087 765 3130 quac
789 3073 860 3117 tectio
883 3085 897 3124 a
919 3073 985 3120 uutlo
1013 3086 1097 3117 eorum
1127 3081 1294 3130 memoratur,

286 3145 327 3203 qui
347 3145 408 3188 hunc
426 3144 533 3194 codicem
560 3144 693 3208 selegisse
717 3142 922 3198 praedicaverunt.
965 3142 990 3186 ln
1010 3147 1094 3187 nostro
1116 3155 1169 3187 csse
1195 3138 1295 3190 asseres

287 3219 344 3258 runt
361 3213 467 3267 Gudius,
492 3213 519 3258 in
537 3207 736 3266 Miseniensem;
764 3211 907 3266 Neveletus,
932 3211 960 3255 in
981 3208 1143 3266 Misniense,·
1161 3212 1293 3267 ileinsius,

286 3284 314 3328 in
331 3279 490 3327 Misenensi:
515 3297 602 3328 omnes
626 3282 698 3328 falso.
746 3279 795 3326 Nec
823 3282 872 3332 otta
895 3285 932 3326 est
960 3279 1006 3324 hoc
1031 3282 1055 3325 in
1074 3282 1128 3326 ioco
1152 3284 1294 3328 retractatio

286 3350 446 3409 scripturae.”
473 3351 563 3407 lisso.)
610 3349 649 3409 (9)
669 3348 780 3409 Luculli]
800 3364 823 3404 p,
844 3350 870 3394 S.
890 3369 924 3382 -
941 3347 1026 3404 Lucili
1042 3350 1072 3402 ll.
1094 3370 1124 3393 —.·
1144 3349 1240 3404 Lucilii
1257 3350 1295 3411 (i)

286 3424 317 3471 P.
334 3445 367 3457 --
382 3421 447 3466 Pitlr.
466 3424 490 3465 ct
507 3421 584 3481 licng.
603 3425 732 3466 ecotnrunt
749 3419 841 3472 Lucili.
862 3415 917 3476 (10)
926 3415 1063 3477 prospicit]
1078 3418 1109 3464 Ρ.
1123 3433 1147 3475 p.
1158 3430 1197 3466 cto
1208 3419 1295 3479 despi-

286 3496 322 3540 cit
340 3493 427 3547 chct.
446 3489 525 3542 liciti.
545 3483 572 3535 s.
590 3513 624 3532 -.
642 3490 747 3546 respicit
764 3489 847 3535 Heius.
868 3488 888 3533 1.
908 3489 937 3532 F.
958 3485 1065 3533 Gronov.
1083 3487 1192 3534 Lectioni
1211 3491 1294 3548 mpii

287 3565 322 3609 cit
349 3563 416 3608 iavet
447 3561 514 3604 locus
543 3573 643 3615 prorsus
667 3559 753 3612 similis
781 3559 881 3614 Corippi
908 3558 935 3610 in
964 3555 1065 3606 taudem
1091 3557 1185 3603 Iustini
1201 3572 1225 3604 v.
1248 3558 1291 3615 99,

287 3631 392 3690 (domus)
417 3641 481 3690 pars
500 3629 627 3688 prospicit
647 3641 697 3683 unc
721 3627 874 3677 Immensum
890 3627 1002 3686 pelagus
1008 3638 1020 3680 ;
1043 3640 1108 3684 pers
1130 3629 1235 3686 respicit
1254 3630 1293 3673 ul·

287 3708 342 3748 tero
356 3706 467 3760 portum.
498 3719 527 3731 -
549 3698 673 3758 perspicit
699 3711 724 3758 g.
752 3695 860 3755 (Remi)
891 3697 938 3750 isc,
959 3694 1067 3742 Gronov.
1114 3695 1169 3755 (11)
1197 3721 1227 3732 -
1246 3695 1300 3754 niti

286 3773 385 3817 cinctos
402 3783 427 3830 g.
475 3765 529 3826 (12)
549 3791 581 3802 -
600 3768 694 3815 emeris
710 3767 741 3812 Ρ.
790 3763 845 3824 (13)
871 3774 910 3812 mo
934 3764 1052 3810 districta
1076 3766 1096 3811 1.
1122 3767 1150 3812 Ρ.
1180 3767 1290 3816 Gronov.

287 3840 342 3897 (11)
368 3835 472 3898 sir-idio]
493 3838 613 3896 Boupars.
639 3837 742 3888 Salmas.
766 3836 904 3894 Hstcsss.
936 3857 969 3882 τε
998 3833 1134 3884 uiridiario
1157 3837 1187 3881 Ρ.
1207 3838 1237 3882 ll.
1265 3851 1289 3892 p.

286 3907 342 3969 (15)
363 3930 392 3942 -
411 3920 583 3968 conspargere
599 3905 631 3952 Ρ.
648 3907 678 3953 tt.
697 3919 721 3962 p.
767 3903 821 3962 (16)
840 3906 880 3950 Sic
904 3911 1016 3962 corrupte
1039 3906 1069 3950 Ρ.
1089 3905 1121 3949 ll.
1140 3928 1173 3952 ·-,-
1191 3906 1291 3956 icctcns

286 3979 397 4045 officiam
426 3989 511 4023 comcs
539 3990 563 4032 p.
590 3996 619 4010 -
644 3977 745 4024 iactans
774 3973 884 4038 officium
910 3989 991 4021 comes
1017 3975 1126 4020 Wesins.
1152 3975 1237 4029 Bothe.
1257 3999 1289 4020 -.-
