2788 4772
467 617 564 680 [run.
589 618 704 680 niu]

320 771 450 836 RANA
473 770 634 835 RUPTA
656 769 719 832 ET
742 767 841 832 Bos,

121 914 242 996 Inops,
264 923 426 994 potentem
450 915 521 976 dum
544 910 614 973 vult
635 909 770 984 imitari,
795 906 892 990 perit.

82 1017 116 1080 In
137 1028 232 1099 prato
255 1019 411 1099 qinondam
434 1037 509 1078 rana
533 1012 699 1096 conspexit
721 1013 837 1074 bovem

82 1119 124 1180 Et
144 1129 231 1182 tacta
252 1117 367 1181 invidia
389 1131 493 1182 tantae
516 1113 736 1203 magnitudinis

81 1221 246 1306 Rugosam
269 1222 390 1285 inflavit
411 1222 544 1304 pellem:
568 1233 634 1284 tum
657 1229 750 1280 uatus
772 1237 848 1281 suos

80 1323 318 1409 Interrogavit,
342 1329 381 1387 ‘an
404 1327 490 1388 bove
513 1333 596 1387 esset
617 1321 727 1385 latior.

81 1425 132 1489 Illi
153 1439 328 1512 negarunt«
370 1429 496 1492 Rursus
519 1425 653 1489 intendit
674 1437 777 1488 cutem

81 1528 209 1594 Maiore
230 1531 303 1594 nisu
323 1542 355 1593 et
375 1529 467 1594 simili
488 1528 645 1615 quaesivit
667 1529 786 1604 modo,

82 1631 157 1712 Quis
180 1633 283 1697 maior
305 1644 403 1697 esset.
446 1633 499 1696 ltti
521 1631 690 1706 dixerunt,
714 1632 843 1693 bovem.

80 1735 261 1800 Novissime
282 1736 464 1820 indignata,
488 1736 561 1798 dum
584 1734 653 1798 vult
673 1733 807 1798 validius

81 1836 195 1904 luflare
217 1860 308 1916 sese,
331 1850 428 1921 rupto
450 1837 546 1902 iacuit
567 1857 721 1921 corpure.

455 2029 688 2120 'trnussnnvm

310 2225 462 2292 CANES
486 2228 548 2291 ET
572 2225 846 2292 CORCODILI.

122 2363 268 2432 Consilia
291 2363 445 2449 qniffldant
465 2386 563 2448 prava
586 2364 685 2430 canitis
708 2367 904 2444 hominibus,

83 2467 128 2530 Et
143 2475 282 2552 perdunt
305 2489 435 2551 operam
460 2479 492 2531 et
514 2469 696 2532 deridentur
721 2471 870 2550 turpiter.

121 2569 226 2637 Canes
249 2583 412 2636 currentes
435 2571 544 2634 bibere
566 2571 596 2634 iu
620 2573 696 2635 Nilo
718 2573 862 2652 flumine,

83 2671 111 2734 A
131 2675 302 2740 corcodilis
324 2697 364 2738 ue
386 2675 569 2758 rapiantur,
594 2675 742 2737 traditum
766 2687 826 2740 est.
900 2736 903 2743 .

81 2770 181 2858 Igitur
203 2800 302 2864 quum
324 2800 455 2842 currens
477 2777 588 2842 bibere
611 2779 768 2861 coepisset
791 2778 897 2857 cauis,
1061 2783 1081 2846 5

129 2977 188 3026 nn.
209 2980 295 3030 XXV.
331 2976 508 3026 cottuomut
530 2986 577 3026 eet.
605 2980 666 3026 Gud.
690 2983 716 3026 S.
742 3005 775 3017 υ·
800 2979 951 3027 Corcndre'tie'
968 3009 978 3020 -
996 2997 1081 3030 coreo·

83 3043 163 3094 uritur
181 3076 191 3088 -
219 3050 387 3096 corcodrillus
407 3051 437 3095 Ρ.
457 3073 491 3112 .···
504 3048 640 3096 Gureude'ili
657 3075 667 3088 ·
685 3050 831 3097 core-oditur
848 3077 858 3088 ·
878 3052 1028 3100 corcodillue
1047 3055 1080 3098 R.

83 3118 139 3162 tene
156 3117 229 3166 Vin'c.
250 3144 283 3155 -
302 3117 458 3166 Crocodiiiue
479 3125 525 3164 eet.
548 3135 572 3176 p.
617 3118 654 3178 (3)
676 3131 715 3167 eto
738 3136 750 3165 e
775 3121 834 3168 Nilo
859 3123 938 3169 Bentt.
959 3124 1003 3179 (ex
1022 3122 1082 3169 Nilo

83 3184 123 3240 Α.)
158 3187 196 3247 (6)
216 3191 252 3234 lte
267 3197 380 3246 corrupte
398 3191 445 3252 1³„
475 3191 578 3248 itemque
600 3191 649 3246 R.‚
671 3192 716 3235 nisi
735 3194 796 3249 quod
815 3195 903 3237 omittit
920 3207 944 3237 v.
970 3193 1007 3236 ait
1027 3197 1081 3239 unte

21 3253 27 3262 ’
84 3258 116 3299 ⁰¹·
150 3257 242 3305 Neuter
259 3275 320 3305 vero
343 3261 424 3305 oriue.
469 3261 558 3305 Verior
582 3261 637 3306 VV.
654 3260 706 3304 DD.
731 3268 829 3306 conetur
850 3264 904 3308 vide
928 3265 989 3318 apud
1008 3265 1034 3308 S,
1058 3268 1082 3308 et

83 3321 152 3385 Berg.
171 3353 204 3363 —
223 3344 298 3389 quum
314 3329 375 3374 tibet
390 3329 471 3374 Iambe
489 3332 574 3384 orius,
604 3329 714 3386 Accede,
742 3338 803 3388 puta
821 3333 911 3377 leniter
928 3338 952 3376 et
968 3334 1022 3378 noli
1038 3331 1082 3378 du·

83 3391 134 3450 lue,
162 3397 260 3459 Inquit,
289 3400 389 3445 vereri:
416 3405 442 3444 ut
459 3397 517 3454 ille,
534 3396 654 3458 facerem
672 3397 812 3445 mehercule
831 3416 853 3457 p.
872 3411 911 3449 w
928 3417 1001 3461 quum
1022 3403 1082 3446 libet

83 3459 158 3510 lumbe
175 3469 226 3515 otto
234 3481 246 3522 ;
262 3467 322 3514 Note·
339 3469 430 3516 vereri.
466 3468 499 3514 m
515 3470 558 3514 tue
568 3482 577 3514 :
589 3467 706 3529 facerem
724 3469 864 3516 mehercule
877 3471 977 3531 (Rigalt.
992 3475 1015 3517 iu
1033 3473 1078 3515 Ed.

84 3533 167 3592 poete.)
186 3540 212 3584 s,

129 3603 187 3655 Fre.
206 3607 303 3652 xxvt.
340 3607 377 3665 (3)
401 3607 493 3667 Vulpes
512 3607 546 3653 ed
562 3606 660 3666 cenam]
679 3609 709 3653 Ρ.
726 3609 756 3655 lt.
776 3625 800 3666 p.
814 3608 871 3668 (uiui
889 3613 966 3670 quod:
988 3610 1080 3654 -οιιὶ-

80 3669 141 3728 Ph)
158 3699 190 3711 -
209 3677 249 3722 Ad
266 3691 369 3724 coenum
390 3679 471 3738 vulpis
489 3679 557 3724 Brut.
578 3680 603 3724 S.
643 3678 679 3735 (4)
697 3684 721 3722 et
735 3680 775 3724 tut
795 3681 821 3724 m
834 3687 928 3738 patene
946 3677 1079 3739 liquidum]

83 3735 168 3800 Rigalt.
190 3761 213 3794 e.
237 3744 314 3804 1617.
333 3749 421 3804 fleme.
442 3750 468 3794 S.
487 3773 520 3784 -··
539 3753 562 3792 et
585 3749 625 3794 illi
647 3749 770 3810 liquidum
791 3751 819 3795 in
835 3756 929 3807 patena
946 3751 977 3795 P.
996 3750 1027 3794 R.
1046 3773 1079 3784 α-
1128 3797 1129 3802 ,

84 3813 105 3850 0¹
121 3813 145 3855 ei
162 3815 284 3875 liquidum
302 3817 330 3862 in
347 3825 442 3876 patena
468 3833 491 3875 p.
518 3817 617 3877 (petina
637 3818 739 3867 Letlem.
765 3820 846 3873 Brut.)
871 3818 916 3878 (—
939 3820 967 3866 in
995 3821 1079 3867 catino
1110 3861 1114 3864 .

51 3932 55 3944 ,
84 3873 187 3944 nomm.)
212 3885 249 3944 (5)
268 3911 301 3922 -·-
319 3887 455 3934 corbulone
473 3889 504 3933 Ρ.
535 3887 570 3945 (i)
590 3910 620 3921 -
640 3889 713 3933 intito
730 3889 760 3935 P.
782 3905 796 3933 n
817 3904 854 3944 pr.
878 3905 957 3937 inuuu.
985 3889 1022 3946 (8)
1041 3891 1078 3934 Iu·

84 3958 172 4004 8⁰¹¹⁴2m
189 3962 212 4001 et
226 3958 335 4019 lagenae
352 3958 383 4002 Ρ.
402 3958 432 4018 it·
452 3973 476 4014 p.
496 3960 521 4005 S.
548 3959 585 4015 (tn
606 3959 718 4015 luneript.
740 3959 810 4004 Grut.
832 3957 895 4016 578,
917 3960 940 4006 1.
963 3965 1013 4006 eet:
1046 3959 1076 4006 A.

85 4013 235 4086 LAGVNA.)
269 4029 319 4075 Per
336 4029 383 4075 litt.
403 4042 416 4072 e
433 4028 464 4075 Α.
484 4029 554 4075 Rom.
596 4025 652 4087 (10)
670 4030 762 4074 collum
777 4026 880 4090 fruetru
897 4029 1028 4090 lamberet]
1046 4031 1078 4076 P.
