2796 4746
194 437 195 441 Ν
286 353 347 414 ue

290 495 393 575 probe
406 492 508 565 norit,
522 502 587 552 tum
601 489 693 570 etiam
706 487 909 572 Fulgentium
919 519 957 530 —
966 497 1001 550 ut
1010 485 1290 564 Commodianum,

196 603 198 607 ’
292 587 423 677 poetam
437 615 570 676 prorsus
582 593 750 676 plebeium,
776 603 807 654 et
826 589 1024 673 Corippum,
1048 589 1296 654 infelicissimum
1382 651 1383 654 ,

293 709 434 761 veterum
460 695 667 772 imitatorem,
699 706 817 757 taceam
842 729 880 739 -
903 716 959 756 nae
985 694 1038 756 ille
1060 696 1144 756 hand
1165 696 1296 757 multum

290 798 481 873 abhorrebit
492 801 531 862 ab
540 801 675 862 haemea
685 797 850 860 sententia.
867 797 1193 878 Quemrernissionem
1204 797 1298 859 animi

295 927 332 966 ae
349 901 560 966 voluntariam
586 900 841 976 dissolutionem,
877 901 1008 962 liberam
1030 913 1134 964 tamen
1161 923 1178 962 a
1204 900 1298 983 uagi-

295 1108 436 1172 obnoxia
466 1128 530 1170 non
560 1108 617 1182 sit,
652 1106 751 1170 totius
779 1128 886 1168 rerum
912 1119 1043 1170 naturae
1075 1107 1312 1182 amoenitatem

294 1210 420 1300 penitus
445 1211 743 1292 persentiscentem,
773 1210 818 1271 uti
838 1231 855 1271 a
878 1209 1040 1294 plerisque
1059 1211 1236 1275 mortalium
1262 1211 1299 1270 fit
1382 1275 1383 1280 1

294 1317 324 1376 in
344 1313 445 1376 beatis
463 1313 523 1374 illie
538 1312 726 1396 regionibus
741 1312 871 1389 Italiae,
898 1311 1089 1395 Hispaniae,
1114 1312 1188 1375 olim
1204 1311 1298 1374 etiam

296 1416 436 1480 Africae·
451 1416 653 1497 provinciee3
677 1417 787 1491 talem,
810 1415 956 1500 iuquam,
980 1416 1035 1478 ubi
1051 1415 1188 1478 hominis
1206 1415 1300 1478 indo·

233 1556 237 1562 =
295 1520 357 1581 lem
387 1519 493 1583 animo
525 1519 583 1580 tibi
612 1516 855 1596 inlormaveris,
893 1521 926 1581 id
956 1523 1042 1604 quod
1069 1540 1143 1582 saue
1173 1517 1299 1580 difficile

298 1621 515 1686 severioribus
546 1633 594 1684 est
620 1621 805 1696 Germanis,
844 1620 918 1705 mibi
944 1622 1086 1696 facilius,
1112 1621 1167 1704 qui
1192 1622 1300 1690 adule-

297 1745 389 1788 eeens
412 1736 532 1808 septem
552 1746 612 1806 per
636 1741 736 1788 annos
762 1724 874 1788 Italiae
895 1724 1149 1788 florentissimam
1176 1736 1301 1805 partem
1382 1743 1383 1748 ’

300 1828 441 1904 incolui,
469 1827 601 1911 aequius
622 1827 684 1888 iam
710 1839 741 1888 et
766 1828 882 1890 rectius
903 1827 1056 1890 iudicabis
1079 1831 1116 1889 de
1140 1829 1301 1890 Pnuvrot-

239 1957 242 1968 ¹
300 1953 357 1993 nro
381 1933 550 2005 Vnunnrs,
576 1931 661 2011 quod
680 1931 784 1994 Moru
799 1942 852 1992 aut
869 1933 1039 1994 Pnurours
1055 1931 1300 2004 vammmm,

299 2047 335 2098 nt
355 2035 439 2097 velle
464 2034 591 2095 videtur
617 2033 804 2117 philologus
822 2033 898 2107 ille,
926 2033 1055 2098 omnino
1076 2055 1146 2097 esse
1166 2055 1225 2096 nee
1243 2027 1312 2116 po-¹

299 2148 382 2200 terat
404 2157 465 2200 nee
484 2139 642 2210 debebet3
680 2159 739 2200 nee
767 2158 845 2201 vero
872 2137 999 2199 tutelis
1025 2137 1183 2218 poematis
1207 2139 1303 2200 verba
1384 2203 1385 2230 1

299 2252 331 2304 et
351 2241 520 2304 sententias
538 2239 662 2324 rediges
687 2242 726 2306 ad
745 2240 888 2332 regulam
904 2241 956 2303 vel
979 2238 1099 2304 Catulli
1123 2241 1174 2302 vel
1194 2242 1302 2304 Hora·
1384 2281 1385 2308 ι

300 2343 514 2427 ῑὶἱφῳιοιιιιιι
535 2343 675 2406 fortasse
697 2365 737 2405 ex
758 2355 849 2425 parte
873 2344 1013 2404 aemulus
1028 2343 1183 2406 evasisset
1205 2349 1303 2424 poe'ta

301 2457 431 2522 noster,
453 2467 566 2510 eorum
590 2447 617 2509 si
638 2446 778 2530 aequalis
796 2446 921 2510 fuisset.
966 2448 1060 2508 Nune
1074 2447 1126 2508 vel
1141 2447 1209 2527 ipsa
1225 2458 1304 2508 tem·

302 2560 389 2632 pora'
413 2551 601 2624 obstabant,
637 2571 703 2632 quo
733 2549 834 2611 minus
863 2571 920 2612 eos
954 2549 1187 2636 aequipararet.
1243 2551 1305 2612 Sed

303 2653 420 2714 utinam
436 2654 527 2732 plura
543 2652 634 2714 etiam
650 2652 725 2714 talia
741 2673 843 2736 neque
855 2652 967 2733 peiora
982 2653 1073 2716 nobis
1087 2655 1303 2733 superessent!

304 2755 461 2816 Libenter
483 2754 626 2838 equidem
649 2757 782 2817 alterum
805 2757 915 2818 saltem
940 2756 1127 2820 Pisaurense
1150 2747 1306 2819 Christia-

305 2878 418 2921 norum
434 2860 604 2938 petitarum
620 2858 769 2920 volumen
794 2859 843 2920 vel
866 2859 962 2921 hodie
981 2860 1111 2922 flammis
1134 2851 1302 2933 traderem,

305 2961 333 3024 si
356 2960 572 3024 huiuscemodi
595 2958 715 3044 aliquot
738 2961 903 3045 gentilium
921 2984 1021 3046 nugas
1037 2961 1094 3025 illo
1109 2983 1236 3044 possem
1256 2983 1304 3023 re·

304 3065 434 3128 diruere.
459 3060 461 3066 ’
573 3065 577 3069 ’

308 3203 313 3210 -
362 3169 435 3230 ¹Sed
456 3180 636 3244 teneamus,
650 3191 745 3253 -quae
766 3171 935 3234 habemus:
965 3169 1140 3254 iisdemque
1163 3181 1303 3242 utamur,

309 3282 343 3333 ut
369 3283 616 3335 consentaneum
649 3285 777 3338 nostrae
800 3285 848 3337 est
877 3273 1072 3356 disciplinae.
1118 3272 1196 3353 Quis
1226 3293 1304 3336 vero

307 3372 519 3457 Pervigilium
542 3377 605 3436 hoe
626 3376 862 3458 composuerit,
897 3377 1048 3441 mortales
1071 3396 1154 3438 nune
1176 3395 1306 3457 prorsus

308 3475 479 3560 ignorant3
510 3477 608 3561 idque
633 3479 736 3543 solum
758 3490 876 3556 restat,
914 3489 949 3540 ut
976 3479 1140 3541 erroribus
1163 3482 1307 3542 decerta

309 3581 414 3662 aliqua
437 3583 651 3666 personare]
672 3581 733 3646 iam
755 3581 876 3664 pridem
899 3583 953 3645 rel
980 3603 1081 3663 nuper
1102 3581 1197 3646 etiam
1220 3603 1308 3664 spar-

310 3682 353 3744 sis
380 3680 506 3746 obviam
536 3705 655 3746 eamus.
714 3685 765 3749 De
795 3683 924 3750 Catullo
953 3685 1135 3750 Veronensi
1170 3685 1247 3749 Aldi
1279 3693 1307 3744 et

312 3785 463 3861 Erasini,
494 3788 536 3872 tle¹
556 3786 684 3850 Catullo
715 3787 886 3853 Urbieario
912 3788 1086 3873 Sdaligeri,
1125 3790 1163 3852 de
1190 3783 1309 3851 Barthii

312 3890 452 3964 Seneca,
476 3889 603 3952 nomine
632 3912 689 3970 per
710 3891 842 3953 mediam
866 3903 997 3954 aetatem
1017 3891 1087 3954 fere
1109 3891 1306 3973 promiscuo,

311 3992 352 4052 de
368 3990 521 4054 Steniverii
537 3993 705 4070 buxerio,
730 3997 828 4076 poete
850 4015 983 4078 prorsus
1002 3993 1195 4060 seholaetieo
1211 4010 1306 4077 neque
