2768 4750
71 469 126 532 Ad
147 467 372 552 poenitendum
392 468 491 532 rebus
512 463 683 532 manifestis
705 463 773 550 agi.

114 572 275 636 Facturus
297 572 388 635 ludos
409 570 532 652 quidam
556 569 643 633 dives
664 567 787 633 nobiles

70 672 255 756 Proposito
278 685 410 738 otrnctos
430 671 574 736 inritavit
596 669 761 754 praemio,

71 776 175 854 Quam
200 774 334 860 quisque
355 786 467 857 posset
489 786 524 837 ut
545 773 715 837 novitatem
739 773 930 837 ostenderet.

70 877 204 941 Venere
228 877 363 940 artifices
385 876 485 940 laudis
507 879 546 940 nd
566 875 761 938 certamina:

71 980 165 1057 Quos
188 979 274 1043 inter
294 1001 423 1054 scurra,
446 991 540 1043 notus
561 980 684 1041 urbano
705 977 790 1052 sele,

75 1083 213 1145 Habere
235 1081 315 1144 dixit
334 1102 369 1145 se
391 1101 492 1166 genus
513 1082 705 1162 spectaculi,

71 1184 172 1262 Quod
193 1183 226 1248 in
249 1185 374 1246 theatro
395 1203 550 1268 nunquam
572 1183 732 1265 prolatum
751 1181 850 1247 soret.

71 1285 250 1368 Dispersus
271 1307 384 1352 rumor
404 1285 563 1348 civitatem
587 1284 739 1350 concitat.

72 1388 193 1452 Paullo
217 1398 289 1452 ante
311 1407 408 1450 vectu
431 1390 555 1450 turbem
579 1387 727 1450 deficiunt
748 1387 833 1450 loce.

73 1490 111 1553 In
135 1511 233 1554 scena
257 1511 335 1553 vero
356 1501 525 1574 postquam
548 1490 634 1552 solus
651 1486 796 1552 constitit

77 1591 151 1656 Siue
174 1604 346 1674 apparatu,
371 1591 464 1654 nuliis
486 1591 702 1666 adiutoribus,

74 1693 243 1758 Silentium
265 1694 332 1775 ipsa
354 1692 431 1756 fecit
453 1694 662 1775 exspectatio.

74 1795 134 1859 Ille
156 1793 189 1859 in
212 1794 312 1858 sinum
336 1807 466 1877 repente
488 1793 611 1858 demisit
632 1803 729 1878 caput
817 1855 819 1862 ,

74 1897 118 1960 Et
139 1896 188 1961 sio
209 1897 345 1980 porcelli
366 1918 478 1961 vocem
503 1908 551 1960 est
572 1897 707 1961 imitatus
730 1917 805 1976 sua,

74 1998 199 2063 Verum
222 2010 258 2064 ut
278 2001 407 2063 subesse
428 1999 527 2082 pallio
549 2003 777 2064 contenderent

74 2102 123 2172 Et
146 2089 255 2166 excuti
276 2101 434 2166 iuberent.
480 2103 554 2183 Quo
575 2103 663 2167 facto
684 2101 777 2165 simui

75 2202 165 2267 Nihil
190 2214 241 2268 est
262 2216 443 2286 repertum,
468 2203 572 2266 miritis
595 2217 730 2268 onerant
750 2201 896 2267 larrdibus

76 2306 314 2389 Hominemque
335 2307 447 2388 plausu
467 2317 707 2390 prosequuntur
728 2305 882 2370 maximo.

76 2409 153 2472 Hoc
173 2408 255 2472 vidit
275 2407 345 2472 fieri
367 2406 515 2472 ursticns.
560 2399 636 2471 Non
658 2407 839 2471 mehercule

78 2509 139 2575 Me
161 2513 288 2587 vincet,
312 2509 431 2594 inquit:
456 2521 487 2572 et
508 2509 610 2572 statim
632 2510 798 2597 professus
820 2520 869 2573 est

77 2611 166 2676 Idem
188 2614 346 2687 facturum
369 2610 478 2675 melius
499 2632 534 2674 se
556 2611 724 2694 postridie.

78 2713 132 2778 Fit
151 2717 249 2779 turbe
271 2713 385 2779 maior.
428 2714 494 2777 Iam
516 2713 612 2778 ievor
633 2726 752 2778 mentes
773 2724 859 2780 tenet
940 2757 945 2768 ·

77 2816 123 2878 Et
143 2816 327 2894 derisurus,
350 2837 415 2885 non
436 2827 658 2898 spectaturus,
681 2815 767 2881 silet.
921 2805 924 2810 ¹

79 2917 226 3005 Uterque
247 2917 369 3002 prodit.
414 2921 532 2988 Scurra
554 2919 726 3004 degrunnit
747 2917 839 3004 prior

80 3137 111 3184 R.
136 3141 198 3186 nihil
215 3145 328 3197 notetur3
346 3141 388 3187 sed
412 3153 482 3198 quum
502 3139 548 3184 Ed.
571 3140 652 3185 Paris.
675 3140 727 3196 ipsu
754 3154 847 3200 qnoque
863 3141 971 3188 ridentur
993 3143 1082 3192 hebere

81 3209 168 3266 ottoni,
188 3215 214 3256 et
230 3209 321 3256 Gudius
335 3209 470 3270 Rigaltieor
487 3209 565 3267 unqua
578 3223 634 3256 usos
650 3210 696 3265 sit,
716 3225 760 3256 nec
778 3211 829 3266 ipse
848 3224 940 3270 quoquc
954 3215 1082 3272 quidquem

82 3281 185 3336 noterit,
217 3280 268 3324 sine
287 3279 359 3324 dubio
376 3291 406 3324 ex
424 3279 477 3336 ipso
498 3279 543 3329 Cd.
562 3279 632 3325 item.
658 3279 692 3323 ite
716 3281 781 3325 dedit
797 3280 925 3339 uigentes,
948 3303 977 3316 ···
995 3285 1084 3341 puscet

82 3345 112 3392 Ρ.
128 3354 190 3395 teste
204 3349 354 3412 Bongurrio,
374 3350 414 3393 sed
429 3349 521 3397 ridetur
536 3363 606 3412 error
619 3353 713 3399 nntuse
730 3351 849 3405 scripture
861 3349 972 3400 Codicis:
992 3353 1083 3404 uitem.

84 3437 116 3451 -
133 3419 248 3477 reputari
265 3432 290 3475 p.
310 3420 337 3464 S.
373 3413 522 3472 „museum
542 3418 668 3476 reputari,
687 3416 755 3464 merd
772 3420 921 3476 coniectura,
941 3435 1011 3480 qoem
1021 3423 1083 3468 seri.-

83 3489 176 3539 ptorom
194 3488 255 3534 Cod.
281 3487 420 3532 existimans
445 3488 538 3543 recepit
563 3488 700 3533 Schwebius
718 3503 772 3534 corn
796 3489 867 3546 eliis;
895 3491 971 3543 vitari
986 3496 1082 3546 entem,

83 3566 139 3601 vera
157 3559 244 3614 lectio,
271 3562 297 3601 nt
312 3558 410 3616 urgunt
431 3555 582 3612 coniectore,
609 3558 725 3602 reiectum
746 3558 808 3608 est,''
824 3559 902 3604 Brno.
941 3560 965 3602 td
985 3560 1083 3605 omnino

84 3630 174 3671 certum
194 3632 231 3673 est
248 3627 361 3684 reputari
377 3641 424 3672 non
443 3641 495 3672 esse
515 3627 539 3670 in
556 3627 587 3676 Ρ,
624 3624 677 3682 (10)
695 3626 824 3688 deprensi]
842 3629 926 3673 Burro.
944 3630 970 3674 S.
989 3647 1024 3662 -
1041 3627 1084 3675 de·

81 3692 202 3748 prehensi
218 3697 249 3748 Ρ,
269 3709 293 3752 p.
318 3693 405 3756 (thid.)
419 3693 561 3754 perierunt]
578 3697 608 3742 Ρ.
628 3709 653 3756 g.
671 3707 710 3744 m
722 3699 848 3756 perier-iret
867 3712 891 3756 p.
915 3697 941 3744 8.
972 3694 1030 3756 (12)
1046 3703 1085 3744 eet

86 3757 156 3824 bone]
175 3780 198 3822 p.
219 3767 246 3812 S.
265 3787 299 3802 ·-
316 3764 378 3815 boun
397 3771 435 3810 eet
451 3767 481 3811 Ρ.
500 3766 531 3810 li.

135 3833 194 3884 Fre.
212 3837 244 3886 V,
281 3831 322 3892 (1)
351 3833 441 3894 Pravo]
470 3835 500 3882 tt.
526 3835 615 3895 Rigalt.
636 3836 662 3880 S.
682 3858 714 3869 -
729 3849 810 3894 pareo
830 3807 860 3882 Ρ.
879 3838 909 3882 li.
925 3828 1014 3897 1³·.(··
1033 3836 1085 3881 loss*

86 3897 114 3945 P.
136 3902 180 3963 u.)
220 3901 260 3964 (4)
278 3902 380 3966 quidam
397 3904 466 3950 dives
484 3902 590 3963 nobiles]
608 3905 723 3951 Soheffcr.
740 3907 822 3950 Burin.
842 3929 874 3942 -
892 3905 994 3967 quidam
1014 3904 1083 3954 dim

88 3969 177 4029 twbt'lt‘t
194 3974 226 4029 P·
246 3974 277 4028 lio
296 3988 323 4032 Ρ,
348 3998 380 4016 ⁵·
409 3973 478 4028 ditet
503 3973 603 4040 quidam
634 3981 659 4023 st
680 3973 772 4026 uotam
796 3973 828 4022 Ν.
856 3977 882 4022 S.
933 3973 971 4038 (d)
987 3972 1083 4036 posset}
