2788 4772
288 331 330 395 90
386 336 388 340 ’

287 471 515 554 interpolatum
546 489 628 534 esse.
683 463 801 535 Nolim,
816 475 917 530 autem
940 484 1051 530 eorum
1069 463 1212 548 opinioni
1236 447 1289 530 ric·

287 578 420 651 cedere,
459 572 514 657 qui
545 582 646 637 totum
679 569 861 634 Phaedrum
894 565 973 632 mire
997 567 1290 653 interpolatumad

288 699 348 742 nos
381 674 566 760 pervenisse
596 672 803 737 arbitrantur.
857 673 938 736 Sunt
966 671 1048 735 enim
1073 670 1166 734 etiam
1205 693 1290 736 nunc

288 781 433 844 homines
455 776 599 842 nonnulli
622 776 665 839 ita
694 777 733 838 ab
758 772 845 840 omni
868 772 1051 838 Latinitatis
1079 774 1208 840 scientia
1234 779 1290 840 de·
1331 815 1333 820 ·

288 881 411 957 stituti,
435 892 469 943 ut
491 878 617 942 minime
634 877 811 962 intelligant
835 880 917 940 hane
937 878 1022 940 haud
1042 877 1131 942 nimis
1156 878 1291 942 admira-

288 985 383 1048 bilem
416 994 447 1045 et
478 982 554 1046 artis
591 981 741 1066 po'e‘tieae
771 980 954 1044 facultatem
987 991 1020 1043 et
1044 981 1199 1044 sermonis
1227 1002 1293 1044 non

290 1106 417 1167 semper
445 1084 520 1166 puri
552 1080 974 1163 eonsuetudinem'prorsus
1000 1084 1111 1146 cadere
1133 1083 1166 1146 in
1189 1077 1306 1148 Grae·

290 1190 395 1252 culum
418 1187 584 1262 libertum,
609 1185 664 1269 qui
686 1183 820 1248 Tiberio
838 1183 1032 1265 imperatore
1051 1184 1190 1249 vixerit:
1213 1207 1291 1248 nerr-

288 1292 408 1376 tiquam
428 1311 509 1353 vero
527 1289 559 1350 in
577 1287 791 1370 posteriorem
814 1298 966 1364 aetatem,
988 1289 1099 1351 saltem
1113 1299 1190 1372 post
1207 1291 1290 1353 Tra·

288 1394 408 1456 ianum.
451 1390 607 1474 Equidem
633 1390 660 1453 si
689 1387 743 1454 vel
769 1391 876 1473 paullo
900 1411 917 1453 a
945 1391 1096 1455 Phaedro
1126 1392 1291 1456 Phaedrus

288 1506 399 1560 noster
418 1493 634 1576 discreparet,
664 1493 696 1556 in
723 1494 782 1556 alia
807 1494 912 1558 omnia
931 1493 1026 1557 irem.
1069 1495 1165 1556 Nunc
1185 1515 1290 1574 vero,

289 1598 437 1663 omuibus
459 1609 607 1683 accurate
625 1596 806 1680 pensitatis,
836 1597 914 1660 hace
936 1618 1003 1660 urea
1029 1595 1140 1679 opinio
1166 1595 1233 1675 est,
1258 1610 1294 1662 ut

248 1691 251 1704 ”
288 1701 323 1765 in
343 1700 393 1763 his
420 1698 539 1762 fabulis
560 1701 743 1764 Phaedrum
766 1698 886 1781 ipsum,
924 1699 991 1764 sive
1012 1701 1187 1779 Thracem,
1224 1700 1293 1765 sire
1391 1701 1392 1708 '

288 1804 523 1878 Macedonem,
547 1801 689 1888 Augusti
704 1801 870 1877 libertum,
894 1802 1003 1883 potius
1017 1823 1188 1888 agnoscam
1201 1825 1295 1890 quam

289 1907 388 1970 ullum
410 1905 586 1968 falsarium.
629 1905 757 1996 Paucae
773 1914 876 1967 autem
898 1903 1180 1987 interpolationes,
1203 1907 1294 1971 facil·
1392 1965 1393 1988 ,

288 2009 364 2072 lime
387 2008 628 2092 agnoscendae,
659 1999 738 2090 quas
756 2007 907 2069 habemus
929 2006 964 2068 iu
986 2005 1068 2073 Cod.
1093 2009 1189 2073 Rem.
1207 2007 1294 2079 Pith.
1392 2013 1393 2018 ’

290 2123 322 2176 et
336 2111 444 2185 Dan.,
466 2120 631 2174 versantur
644 2108 842 2191 potissimum
857 2108 889 2171 iu
906 2110 1114 2192 promythiis:
1135 2113 1198 2176 cfr.
1213 2111 1292 2178 Lib.

287 2213 359 2291 IV,
384 2214 438 2287 21,
462 2215 514 2287 1.;
536 2232 598 2274 una
620 2223 721 2274 autem
739 2211 829 2275 Pith.
851 2210 884 2273 in
906 2234 1047 2295 corpore
1061 2213 1133 2297 ipso
1154 2214 1291 2280 fabellae
1329 2211 1338 2228 '

288 2315 367 2379 Lib.
389 2317 462 2392 IV,
494 2315 551 2392 93,
576 2315 608 2378 9.
630 2335 765 2397 prorsus
788 2309 929 2405 ἄμετρος
955 2327 1077 2380 mature
1106 2317 1206 2382 eiecta
1230 2330 1290 2384 est.

289 2417 442 2482 Similiter
470 2419 597 2502 glossae
619 2417 679 2501 per
704 2439 739 2481 se
769 2416 855 2499 ipsae
884 2439 953 2481 sese
984 2418 1192 2502 prodiderunt
1213 2423 1286 2486 Lib.

287 2522 323 2598 1,
342 2522 400 2598 15,
418 2523 451 2584 1.
467 2520 546 2583 Lib.
563 2521 599 2599 I,
617 2521 676 2598 99,
695 2523 727 2584 7.
749 2519 880 2597 Lib.I,
898 2521 957 2598 95,
975 2522 1007 2585 7.
1030 2522 1233 2606 Lib.'I,28‚
1258 2526 1290 2589 1.

289 2623 369 2687 Lib.
386 2623 453 2687 111.
467 2623 608 2708 Prolog.
621 2646 655 2687 v.
667 2624 720 2687 51.
736 2622 814 2686 Lib.
826 2623 900 2701 Ill,
914 2625 966 2700 17,
980 2626 1012 2688 4.
1024 2625 1103 2688 Lib.
1117 2627 1189 2704 tv,
1203 2629 1242 2706 9,
1257 2629 1292 2692 1.

353 2727 419 2790 IV.
442 2725 494 2788 De
517 2724 640 2790 Codice
662 2725 789 2790 Nicolai
812 2726 957 2804 Perotti,
981 2749 1078 2811 quum
1102 2730 1205 2794 omnia
1228 2731 1291 2794 iam

287 2830 478 2915 pervulgata
501 2827 588 2905 sint,
619 2829 698 2890 haec
722 2827 911 2892 sufficiant:
948 2830 1090 2894 continet
1113 2831 1141 2896 is
1162 2845 1292 2915 praeter

287 2953 410 3016 paucos
427 2952 537 2996 versus
552 2932 569 2995 e
584 2930 740 3016 Prologis
755 2931 895 2997 Phaedri
915 2930 994 2995 Lib.
1010 2932 1077 2997 111.
1089 2947 1122 2998 et
1131 2936 1197 3000 IV.
1222 2940 1288 3002 Pc-

206 3067 216 3088 κ
287 3034 368 3100 rotti
385 3035 535 3118 Prologo
558 3033 668 3097 furtim
690 3033 829 3098 insertos
848 3034 990 3106 Phaedri
1010 3037 1152 3115 labulas,
1177 3041 1301 3118 deeurg

286 3147 369 3201 tatas
403 3147 509 3200 tamen
543 3135 717 3238 prooemiis
755 3149 850 3223 atque
879 3138 1088 3222 epimythiis,
1133 3141 1291 3208 XXXII.

288 3239 431 3304 scilieet:

351 3342 447 3405 suu
466 3331 519 3408 u.
537 3344 643 3408 raus.
667 3343 700 3407 s.
724 3344 755 3408 τ.
776 3345 809 3409 8.
834 3345 982 3426 'ranem
997 3344 1131 3432 Epitogi
1145 3345 1221 3412 Lu.
1238 3347 1287 3412 11.

288 3440 385 3509 Libri
405 3445 471 3510 Ill.
495 3448 602 3510 Fabb.
625 3448 656 3511 1.
681 3447 714 3511 9.
738 3448 770 3510 3.
800 3450 831 3511 t.
856 3449 888 3514 5.
912 3449 945 3512 6.
970 3450 1002 3512 7.
1025 3451 1057 3513 8.
1083 3452 1135 3514 10.
1160 3454 1212 3514 11.
1236 3452 1290 3514 19.

289 3547 344 3613 13.
368 3551 420 3612 11.
446 3549 499 3613 15.
523 3549 576 3611 16.
601 3547 654 3614 17.
674 3551 732 3614 18.
758 3552 810 3615 19.
838 3551 933 3614 Libri
953 3553 1018 3616 IV.
1041 3553 1146 3617 Fahb.
1168 3556 1221 3620 19.
1238 3556 1291 3619 90.

289 3651 344 3715 91.
368 3649 422 3716 93.
446 3653 500 3715 91.
552 3651 646 3715 Libri
667 3653 714 3716 V.
738 3655 843 3717 Fahb.
869 3657 900 3716 1.
924 3653 955 3719 9.
979 3653 1012 3718 3.
1037 3657 1069 3719 r.
1093 3658 1125 3720 5.

352 3752 477 3820 Merito
499 3754 572 3819 hinc
594 3753 774 3840 colligimus
790 3756 956 3822 Perottum
976 3779 1067 3822 usum
1088 3779 1156 3822 esse
1173 3757 1294 3824 Codice

290 3857 430 3922 Phaedri
464 3860 629 3922 admodum
661 3859 787 3934 mutilo;
822 3861 906 3924 nulla
923 3861 1005 3924 enim
1032 3861 1092 3924 alia
1116 3861 1200 3926 ratio
1235 3884 1292 3926 ex·

277 3955 574 4052 ‘cogitari-potest,
599 3982 657 4026 cur
679 3962 867 4028 abstinuerit
892 3985 910 4029 a
931 3973 1003 4030 toto
1022 3964 1106 4030 libro
1122 3964 1230 4049 primo
1255 3984 1292 4030 ac
