<?xml version="1.0" encoding="UTF-8"?>
<!DOCTYPE html PUBLIC "-//W3C//DTD XHTML 1.0 Transitional//EN"
    "http://www.w3.org/TR/xhtml1/DTD/xhtml1-transitional.dtd">
<html xmlns="http://www.w3.org/1999/xhtml" xml:lang="en" lang="en">
 <head>
  <title>
</title>
<meta http-equiv="Content-Type" content="text/html;charset=utf-8" />
  <meta name='ocr-system' content='tesseract 3.04.00' />
  <meta name='ocr-capabilities' content='ocr_page ocr_carea ocr_par ocr_line ocrx_word'/>
</head>
<body>
  <div class='ocr_page' id='page_1' title='image "./fabulaesopiae00phaegoog_0256.png"; bbox 0 0 2796 4746; ppageno 0'>
   <div class='ocr_carea' id='block_1_1' title="bbox 198 909 947 1204">
    <p class='ocr_par' dir='ltr' id='par_1_1' title="bbox 198 909 947 1204">
     <span class='ocr_line' id='line_1_1' title="bbox 403 909 741 978; baseline 0.006 -4"><span class='ocrx_word' id='word_1_1' title='bbox 403 909 741 978; x_wconf 82' lang='lat' dir='ltr'><strong>LECTORI</strong></span> 
     </span>
     <span class='ocr_line' id='line_1_2' title="bbox 198 1089 947 1204; baseline 0.003 -38"><span class='ocrx_word' id='word_1_2' title='bbox 198 1091 280 1167; x_wconf 90' lang='lat'><strong>10.</strong></span> <span class='ocrx_word' id='word_1_3' title='bbox 327 1091 520 1170; x_wconf 77' lang='lat' dir='ltr'><strong>cnse.</strong></span> <span class='ocrx_word' id='word_1_4' title='bbox 554 1089 947 1204; x_wconf 27' lang='lat' dir='ltr'><strong>‚onnnmus</strong></span> 
     </span>
    </p>
   </div>
   <div class='ocr_carea' id='block_1_2' title="bbox 472 1316 676 1338">
    <p class='ocr_par' dir='ltr' id='par_1_2' title="bbox 472 1316 676 1338">
     <span class='ocr_line' id='line_1_3' title="bbox 472 1316 676 1338; baseline 0 0"><span class='ocrx_word' id='word_1_5' title='bbox 472 1316 676 1338; x_wconf 59' lang='grc' dir='ltr'><strong>*ιὰ-δ-ὶ-Π</strong></span> 
     </span>
    </p>
   </div>
   <div class='ocr_carea' id='block_1_3' title="bbox 77 1510 1121 3768">
    <p class='ocr_par' dir='ltr' id='par_1_3' title="bbox 77 1510 1121 3768">
     <span class='ocr_line' id='line_1_4' title="bbox 140 1510 1071 1598; baseline -0.001 -21"><span class='ocrx_word' id='word_1_6' title='bbox 140 1513 237 1577; x_wconf 87' lang='lat' dir='ltr'><strong>Miro</strong></span> <span class='ocrx_word' id='word_1_7' title='bbox 259 1510 368 1598; x_wconf 82' lang='lat' dir='ltr'><strong>utique</strong></span> <span class='ocrx_word' id='word_1_8' title='bbox 390 1513 476 1588; x_wconf 83' lang='lat' dir='ltr'><strong>fato,</strong></span> <span class='ocrx_word' id='word_1_9' title='bbox 513 1510 565 1575; x_wconf 92' lang='lat' dir='ltr'><strong>cui</strong></span> <span class='ocrx_word' id='word_1_10' title='bbox 584 1512 769 1586; x_wconf 80' lang='lat' dir='ltr'><strong>Phaedrus,</strong></span> <span class='ocrx_word' id='word_1_11' title='bbox 798 1522 928 1594; x_wconf 80' lang='lat' dir='ltr'><strong>praeter</strong></span> <span class='ocrx_word' id='word_1_12' title='bbox 946 1524 1071 1577; x_wconf 88' lang='lat' dir='ltr'><strong>ceteros</strong></span> 
     </span>
     <span class='ocr_line' id='line_1_5' title="bbox 78 1613 1070 1699; baseline 0 -21"><span class='ocrx_word' id='word_1_13' title='bbox 78 1615 233 1681; x_wconf 84' lang='lat' dir='ltr'><strong>innocens</strong></span> <span class='ocrx_word' id='word_1_14' title='bbox 251 1617 367 1699; x_wconf 83' lang='lat' dir='ltr'><strong>po&#39;c&#39;ta,</strong></span> <span class='ocrx_word' id='word_1_15' title='bbox 389 1637 449 1698; x_wconf 90' lang='lat' dir='ltr'><strong>per</strong></span> <span class='ocrx_word' id='word_1_16' title='bbox 470 1613 532 1677; x_wconf 74' lang='lat' dir='ltr'><strong>trie</strong></span> <span class='ocrx_word' id='word_1_17' title='bbox 556 1617 660 1678; x_wconf 84' lang='lat' dir='ltr'><strong>adhuc</strong></span> <span class='ocrx_word' id='word_1_18' title='bbox 682 1613 789 1678; x_wconf 80' lang='lat' dir='ltr'><strong>seculo</strong></span> <span class='ocrx_word' id='word_1_19' title='bbox 812 1613 974 1678; x_wconf 77' lang='lat' dir='ltr'><strong>obnoxius</strong></span> <span class='ocrx_word' id='word_1_20' title='bbox 992 1615 1070 1692; x_wconf 84' lang='lat' dir='ltr'><strong>fuit,</strong></span> 
     </span>
     <span class='ocr_line' id='line_1_6' title="bbox 78 1717 1070 1806; baseline 0.001 -25"><span class='ocrx_word' id='word_1_21' title='bbox 78 1732 128 1796; x_wconf 86' lang='lat' dir='ltr'><strong>ut,</strong></span> <span class='ocrx_word' id='word_1_22' title='bbox 152 1737 250 1806; x_wconf 88' lang='lat' dir='ltr'><strong>quum</strong></span> <span class='ocrx_word' id='word_1_23' title='bbox 274 1737 293 1782; x_wconf 81' lang='lat' dir='ltr'>a</span> <span class='ocrx_word' id='word_1_24' title='bbox 313 1719 457 1784; x_wconf 91' lang='lat' dir='ltr'><strong>Pithoeo</strong></span> <span class='ocrx_word' id='word_1_25' title='bbox 477 1717 613 1801; x_wconf 91' lang='lat' dir='ltr'><strong>primum</strong></span> <span class='ocrx_word' id='word_1_26' title='bbox 629 1727 776 1799; x_wconf 84' lang='lat' dir='ltr'><strong>repertus</strong></span> <span class='ocrx_word' id='word_1_27' title='bbox 793 1729 892 1793; x_wconf 89' lang='lat' dir='ltr'><strong>esset,</strong></span> <span class='ocrx_word' id='word_1_28' title='bbox 916 1717 969 1781; x_wconf 90' lang='lat' dir='ltr'><strong>vel</strong></span> <span class='ocrx_word' id='word_1_29' title='bbox 983 1718 1070 1802; x_wconf 88' lang='lat' dir='ltr'><strong>ipse,</strong></span> 
     </span>
     <span class='ocr_line' id='line_1_7' title="bbox 78 1819 1071 1905; baseline 0.002 -22"><span class='ocrx_word' id='word_1_30' title='bbox 78 1841 184 1888; x_wconf 82' lang='lat' dir='ltr'><strong>novos</strong></span> <span class='ocrx_word' id='word_1_31' title='bbox 204 1835 311 1885; x_wconf 84' lang='lat' dir='ltr'><strong>tamen</strong></span> <span class='ocrx_word' id='word_1_32' title='bbox 333 1841 459 1904; x_wconf 79' lang='lat' dir='ltr'>semper</span> <span class='ocrx_word' id='word_1_33' title='bbox 483 1819 627 1884; x_wconf 86' lang='lat' dir='ltr'><strong>vindices</strong></span> <span class='ocrx_word' id='word_1_34' title='bbox 648 1829 776 1895; x_wconf 81' lang='lat' dir='ltr'><strong>nactus,</strong></span> <span class='ocrx_word' id='word_1_35' title='bbox 804 1831 942 1905; x_wconf 83' lang='lat' dir='ltr'><strong>propter</strong></span> <span class='ocrx_word' id='word_1_36' title='bbox 963 1822 1071 1886; x_wconf 81' lang='lat' dir='ltr'><strong>futiles</strong></span> 
     </span>
     <span class='ocr_line' id='line_1_8' title="bbox 81 1921 1071 2006; baseline -0.002 -17"><span class='ocrx_word' id='word_1_37' title='bbox 81 1923 281 1990; x_wconf 88' lang='lat' dir='ltr'><strong>Criticorum</strong></span> <span class='ocrx_word' id='word_1_38' title='bbox 304 1921 518 1989; x_wconf 78' lang='lat' dir='ltr'><strong>dubitationes</strong></span> <span class='ocrx_word' id='word_1_39' title='bbox 546 1927 587 1986; x_wconf 84' lang='lat' dir='ltr'><strong>ad</strong></span> <span class='ocrx_word' id='word_1_40' title='bbox 613 1933 738 2006; x_wconf 87' lang='lat' dir='ltr'><strong>tempus</strong></span> <span class='ocrx_word' id='word_1_41' title='bbox 762 1936 986 2002; x_wconf 78' lang='lat' dir='ltr'><strong>evanesceret,</strong></span> <span class='ocrx_word' id='word_1_42' title='bbox 1017 1926 1071 1989; x_wconf 90' lang='lat' dir='ltr'><strong>vel</strong></span> 
     </span>
     <span class='ocr_line' id='line_1_9' title="bbox 78 2025 1072 2113; baseline 0 -22"><span class='ocrx_word' id='word_1_43' title='bbox 78 2032 292 2109; x_wconf 89' lang='lat' dir='ltr'><strong>perderentur</strong></span> <span class='ocrx_word' id='word_1_44' title='bbox 314 2038 408 2113; x_wconf 86' lang='lat' dir='ltr'><strong>atque</strong></span> <span class='ocrx_word' id='word_1_45' title='bbox 430 2027 523 2091; x_wconf 83' lang='lat' dir='ltr'><strong>etiem</strong></span> <span class='ocrx_word' id='word_1_46' title='bbox 549 2025 699 2091; x_wconf 90' lang='lat' dir='ltr'><strong>incendio</strong></span> <span class='ocrx_word' id='word_1_47' title='bbox 728 2029 968 2091; x_wconf 81' lang='lat' dir='ltr'><strong>absumerentur</strong></span> <span class='ocrx_word' id='word_1_48' title='bbox 991 2050 1072 2111; x_wconf 89' lang='lat' dir='ltr'><strong>pau·</strong></span> 
     </span>
     <span class='ocr_line' id='line_1_10' title="bbox 81 2127 1072 2214; baseline 0.003 -23"><span class='ocrx_word' id='word_1_49' title='bbox 81 2129 200 2196; x_wconf 79' lang='lat' dir='ltr'><strong>nissimi</strong></span> <span class='ocrx_word' id='word_1_50' title='bbox 221 2129 289 2194; x_wconf 88' lang='lat' dir='ltr'><strong>eius</strong></span> <span class='ocrx_word' id='word_1_51' title='bbox 313 2129 461 2205; x_wconf 85' lang='lat' dir='ltr'><strong>codices,</strong></span> <span class='ocrx_word' id='word_1_52' title='bbox 496 2132 664 2214; x_wconf 84' lang='lat' dir='ltr'><strong>denuoque</strong></span> <span class='ocrx_word' id='word_1_53' title='bbox 691 2140 745 2191; x_wconf 76' lang='lat' dir='ltr'><strong>arnt</strong></span> <span class='ocrx_word' id='word_1_54' title='bbox 772 2127 994 2193; x_wconf 82' lang='lat' dir='ltr'><strong>invenirentur</strong></span> <span class='ocrx_word' id='word_1_55' title='bbox 1019 2143 1072 2194; x_wconf 86' lang='lat' dir='ltr'><strong>aut</strong></span> 
     </span>
     <span class='ocr_line' id='line_1_11' title="bbox 80 2229 1070 2317; baseline 0.003 -23"><span class='ocrx_word' id='word_1_56' title='bbox 80 2254 119 2294; x_wconf 87' lang='lat' dir='ltr'><strong>ex</strong></span> <span class='ocrx_word' id='word_1_57' title='bbox 139 2244 235 2317; x_wconf 85' lang='lat' dir='ltr'><strong>parte</strong></span> <span class='ocrx_word' id='word_1_58' title='bbox 259 2233 369 2296; x_wconf 85' lang='lat' dir='ltr'><strong>saltem</strong></span> <span class='ocrx_word' id='word_1_59' title='bbox 392 2241 612 2316; x_wconf 66' lang='lat' dir='ltr'><strong>emergerent,</strong></span> <span class='ocrx_word' id='word_1_60' title='bbox 632 2242 667 2293; x_wconf 90' lang='lat' dir='ltr'><strong>ut</strong></span> <span class='ocrx_word' id='word_1_61' title='bbox 687 2229 804 2295; x_wconf 84' lang='lat' dir='ltr'><strong>Codex</strong></span> <span class='ocrx_word' id='word_1_62' title='bbox 824 2233 1070 2297; x_wconf 85' lang='lat' dir='ltr'><strong>Rosemboanus</strong></span> 
     </span>
     <span class='ocr_line' id='line_1_12' title="bbox 81 2333 1073 2420; baseline 0.002 -22"><span class='ocrx_word' id='word_1_63' title='bbox 81 2347 111 2398; x_wconf 88' lang='lat' dir='ltr'><strong>et</strong></span> <span class='ocrx_word' id='word_1_64' title='bbox 142 2334 312 2402; x_wconf 87' lang='lat' dir='ltr'><strong>Remensis</strong></span> <span class='ocrx_word' id='word_1_65' title='bbox 346 2334 499 2408; x_wconf 76' lang='lat' dir='ltr'><strong>colleti03</strong></span> <span class='ocrx_word' id='word_1_66' title='bbox 537 2355 632 2420; x_wconf 89' lang='lat' dir='ltr'><strong>quum</strong></span> <span class='ocrx_word' id='word_1_67' title='bbox 661 2347 827 2420; x_wconf 79' lang='lat' dir='ltr'><strong>practerea</strong></span> <span class='ocrx_word' id='word_1_68' title='bbox 864 2333 1011 2398; x_wconf 85' lang='lat' dir='ltr'><strong>Iannellii</strong></span> <span class='ocrx_word' id='word_1_69' title='bbox 1040 2333 1073 2400; x_wconf 88' lang='lat' dir='ltr'><strong>et</strong></span> 
     </span>
     <span class='ocr_line' id='line_1_13' title="bbox 82 2436 1071 2522; baseline -0.002 -18"><span class='ocrx_word' id='word_1_70' title='bbox 82 2438 212 2504; x_wconf 78' lang='lat' dir='ltr'><strong>cassini</strong></span> <span class='ocrx_word' id='word_1_71' title='bbox 241 2437 403 2503; x_wconf 85' lang='lat' dir='ltr'><strong>invidiosa</strong></span> <span class='ocrx_word' id='word_1_72' title='bbox 428 2436 638 2502; x_wconf 83' lang='lat' dir='ltr'><strong>aemulatione</strong></span> <span class='ocrx_word' id='word_1_73' title='bbox 665 2438 848 2522; x_wconf 77' lang='lat' dir='ltr'><strong>pendissent</strong></span> <span class='ocrx_word' id='word_1_74' title='bbox 869 2441 996 2501; x_wconf 82' lang='lat' dir='ltr'><strong>tandem</strong></span> <span class='ocrx_word' id='word_1_75' title='bbox 1021 2439 1071 2502; x_wconf 83' lang='lat' dir='ltr'><strong>sa·</strong></span> 
     </span>
     <span class='ocr_line' id='line_1_14' title="bbox 80 2529 1085 2618; baseline 0.001 -15"><span class='ocrx_word' id='word_1_76' title='bbox 80 2542 171 2616; x_wconf 81' lang='lat' dir='ltr'><strong>bulae</strong></span> <span class='ocrx_word' id='word_1_77' title='bbox 207 2564 337 2618; x_wconf 64' lang='lat' dir='ltr'><strong>xxxn„</strong></span> <span class='ocrx_word' id='word_1_78' title='bbox 375 2563 392 2604; x_wconf 87' lang='lat' dir='ltr'>a</span> <span class='ocrx_word' id='word_1_79' title='bbox 423 2539 591 2606; x_wconf 87' lang='lat' dir='ltr'><strong>Dorvillio</strong></span> <span class='ocrx_word' id='word_1_80' title='bbox 624 2552 656 2605; x_wconf 91' lang='lat' dir='ltr'><strong>et</strong></span> <span class='ocrx_word' id='word_1_81' title='bbox 688 2544 874 2606; x_wconf 83' lang='lat' dir='ltr'><strong>Burmanno</strong></span> <span class='ocrx_word' id='word_1_82' title='bbox 895 2529 1085 2607; x_wconf 66' lang='lat' dir='ltr'><strong>&#39;dumtaxat</strong></span> 
     </span>
     <span class='ocr_line' id='line_1_15' title="bbox 80 2641 1070 2730; baseline 0.004 -24"><span class='ocrx_word' id='word_1_83' title='bbox 80 2643 298 2730; x_wconf 82' lang='lat' dir='ltr'><strong>significatae3</strong></span> <span class='ocrx_word' id='word_1_84' title='bbox 334 2643 379 2706; x_wconf 85' lang='lat' dir='ltr'><strong>ita</strong></span> <span class='ocrx_word' id='word_1_85' title='bbox 408 2655 519 2707; x_wconf 82' lang='lat' dir='ltr'><strong>tamen</strong></span> <span class='ocrx_word' id='word_1_86' title='bbox 538 2643 684 2722; x_wconf 84' lang='lat' dir='ltr'><strong>mutilae,</strong></span> <span class='ocrx_word' id='word_1_87' title='bbox 722 2656 756 2708; x_wconf 87' lang='lat' dir='ltr'><strong>ut</strong></span> <span class='ocrx_word' id='word_1_88' title='bbox 779 2644 940 2708; x_wconf 85' lang='lat' dir='ltr'><strong>inventum</strong></span> <span class='ocrx_word' id='word_1_89' title='bbox 966 2641 1070 2729; x_wconf 83' lang='lat' dir='ltr'><strong>ipsum</strong></span> 
     </span>
     <span class='ocr_line' id='line_1_16' title="bbox 81 2746 1071 2835; baseline 0.005 -26"><span class='ocrx_word' id='word_1_90' title='bbox 81 2748 243 2835; x_wconf 85' lang='lat' dir='ltr'><strong>plerisque</strong></span> <span class='ocrx_word' id='word_1_91' title='bbox 266 2746 472 2830; x_wconf 85' lang='lat' dir='ltr'><strong>displiceret:</strong></span> <span class='ocrx_word' id='word_1_92' title='bbox 496 2779 537 2791; x_wconf 89' lang='lat'>-</span> <span class='ocrx_word' id='word_1_93' title='bbox 573 2751 630 2812; x_wconf 88' lang='lat' dir='ltr'><strong>sed</strong></span> <span class='ocrx_word' id='word_1_94' title='bbox 654 2758 730 2831; x_wconf 91' lang='lat' dir='ltr'><strong>post</strong></span> <span class='ocrx_word' id='word_1_95' title='bbox 756 2750 835 2811; x_wconf 84' lang='lat' dir='ltr'><strong>haec</strong></span> <span class='ocrx_word' id='word_1_96' title='bbox 859 2748 983 2826; x_wconf 83' lang='lat' dir='ltr'><strong>omnia,</strong></span> <span class='ocrx_word' id='word_1_97' title='bbox 1020 2749 1071 2814; x_wconf 89' lang='lat' dir='ltr'><strong>in-</strong></span> 
     </span>
     <span class='ocr_line' id='line_1_17' title="bbox 82 2850 1121 2940; baseline 0.006 -26"><span class='ocrx_word' id='word_1_98' title='bbox 82 2873 192 2936; x_wconf 85' lang='lat' dir='ltr'><strong>quam,</strong></span> <span class='ocrx_word' id='word_1_99' title='bbox 230 2854 295 2914; x_wconf 89' lang='lat' dir='ltr'><strong>hoc</strong></span> <span class='ocrx_word' id='word_1_100' title='bbox 326 2873 456 2938; x_wconf 85' lang='lat' dir='ltr'><strong>quoque</strong></span> <span class='ocrx_word' id='word_1_101' title='bbox 487 2867 589 2934; x_wconf 82' lang='lat' dir='ltr'><strong>nuper</strong></span> <span class='ocrx_word' id='word_1_102' title='bbox 621 2850 755 2928; x_wconf 85' lang='lat' dir='ltr'><strong>eccidit,</strong></span> <span class='ocrx_word' id='word_1_103' title='bbox 793 2863 842 2928; x_wconf 87' lang='lat' dir='ltr'><strong>ut,</strong></span> <span class='ocrx_word' id='word_1_104' title='bbox 880 2875 976 2938; x_wconf 88' lang='lat' dir='ltr'><strong>quum</strong></span> <span class='ocrx_word' id='word_1_105' title='bbox 1006 2875 1070 2940; x_wconf 87' lang='lat' dir='ltr'><strong>ego</strong></span> <span class='ocrx_word' id='word_1_106' title='bbox 1117 2895 1121 2904; x_wconf 94' lang='lat'><em>·</em></span> 
     </span>
     <span class='ocr_line' id='line_1_18' title="bbox 82 2953 1070 3039; baseline 0.003 -22"><span class='ocrx_word' id='word_1_107' title='bbox 82 2966 234 3039; x_wconf 83' lang='lat' dir='ltr'><strong>quattuor</strong></span> <span class='ocrx_word' id='word_1_108' title='bbox 247 2965 317 3017; x_wconf 84' lang='lat' dir='ltr'><strong>ante</strong></span> <span class='ocrx_word' id='word_1_109' title='bbox 330 2953 488 3017; x_wconf 90' lang='lat' dir='ltr'><strong>mensibus</strong></span> <span class='ocrx_word' id='word_1_110' title='bbox 504 2953 608 3018; x_wconf 87' lang='lat' dir='ltr'><strong>omnia</strong></span> <span class='ocrx_word' id='word_1_111' title='bbox 622 2966 752 3037; x_wconf 83' lang='lat' dir='ltr'><strong>praeter</strong></span> <span class='ocrx_word' id='word_1_112' title='bbox 770 2953 857 3020; x_wconf 82' lang='lat' dir='ltr'><strong>cod.</strong></span> <span class='ocrx_word' id='word_1_113' title='bbox 869 2956 1070 3020; x_wconf 81' lang='lat' dir='ltr'><strong>Duecensem</strong></span> 
     </span>
     <span class='ocr_line' id='line_1_19' title="bbox 77 3056 1069 3143; baseline 0.005 -25"><span class='ocrx_word' id='word_1_114' title='bbox 77 3057 339 3132; x_wconf 72' lang='lat' dir='ltr'><strong>›etDanielinum‚</strong></span> <span class='ocrx_word' id='word_1_115' title='bbox 355 3068 524 3143; x_wconf 87' lang='lat' dir='ltr'><strong>utrumque</strong></span> <span class='ocrx_word' id='word_1_116' title='bbox 532 3056 611 3120; x_wconf 87' lang='lat' dir='ltr'><strong>mihi</strong></span> <span class='ocrx_word' id='word_1_117' title='bbox 622 3069 786 3142; x_wconf 82' lang='lat' dir='ltr'><strong>negatum,</strong></span> <span class='ocrx_word' id='word_1_118' title='bbox 804 3059 1007 3140; x_wconf 82' lang='lat' dir='ltr'><strong>complexum</strong></span> <span class='ocrx_word' id='word_1_119' title='bbox 1020 3082 1069 3124; x_wconf 87' lang='lat' dir='ltr'><strong>me</strong></span> 
     </span>
     <span class='ocr_line' id='line_1_20' title="bbox 85 3159 1069 3251; baseline 0.005 -31"><span class='ocrx_word' id='word_1_120' title='bbox 85 3159 255 3224; x_wconf 82' lang='lat' dir='ltr'><strong>arbitratus</strong></span> <span class='ocrx_word' id='word_1_121' title='bbox 276 3181 392 3235; x_wconf 89' lang='lat' dir='ltr'><strong>essem,</strong></span> <span class='ocrx_word' id='word_1_122' title='bbox 416 3182 497 3245; x_wconf 84' lang='lat' dir='ltr'><strong>quae</strong></span> <span class='ocrx_word' id='word_1_123' title='bbox 515 3163 554 3223; x_wconf 82' lang='lat' dir='ltr'><strong>ad</strong></span> <span class='ocrx_word' id='word_1_124' title='bbox 568 3159 712 3224; x_wconf 82' lang='lat' dir='ltr'><strong>Phaedri</strong></span> <span class='ocrx_word' id='word_1_125' title='bbox 730 3163 835 3251; x_wconf 70' lang='grc' dir='ltr'><em>κρίσιν</em></span> <span class='ocrx_word' id='word_1_126' title='bbox 854 3161 1069 3244; x_wconf 84' lang='lat' dir='ltr'><strong>pertinerent,</strong></span> 
     </span>
     <span class='ocr_line' id='line_1_21' title="bbox 85 3260 1069 3346; baseline 0.006 -23"><span class='ocrx_word' id='word_1_127' title='bbox 85 3260 244 3346; x_wconf 85' lang='lat' dir='ltr'><strong>insperata</strong></span> <span class='ocrx_word' id='word_1_128' title='bbox 265 3267 305 3326; x_wconf 85' lang='lat' dir='ltr'><strong>ab</strong></span> <span class='ocrx_word' id='word_1_129' title='bbox 320 3265 465 3327; x_wconf 84' lang='lat' dir='ltr'><strong>Auonno</strong></span> <span class='ocrx_word' id='word_1_130' title='bbox 484 3264 600 3339; x_wconf 80' lang='lat' dir='ltr'><strong>Muo,</strong></span> <span class='ocrx_word' id='word_1_131' title='bbox 629 3264 675 3327; x_wconf 83' lang='lat' dir='ltr'><strong>V.</strong></span> <span class='ocrx_word' id='word_1_132' title='bbox 695 3263 755 3340; x_wconf 67' lang='lat' dir='ltr'><strong>C„</strong></span> <span class='ocrx_word' id='word_1_133' title='bbox 776 3268 816 3326; x_wconf 81' lang='lat' dir='ltr'><strong>ed</strong></span> <span class='ocrx_word' id='word_1_134' title='bbox 838 3286 936 3326; x_wconf 85' lang='lat' dir='ltr'><strong>meam</strong></span> <span class='ocrx_word' id='word_1_135' title='bbox 961 3275 1069 3329; x_wconf 88' lang='lat' dir='ltr'><strong>curam</strong></span> 
     </span>
     <span class='ocr_line' id='line_1_22' title="bbox 84 3365 1070 3452; baseline 0.004 -24"><span class='ocrx_word' id='word_1_136' title='bbox 84 3367 307 3446; x_wconf 83' lang='lat' dir='ltr'><strong>perficiendam</strong></span> <span class='ocrx_word' id='word_1_137' title='bbox 320 3368 510 3430; x_wconf 83' lang='lat' dir='ltr'><strong>afferrentur</strong></span> <span class='ocrx_word' id='word_1_138' title='bbox 522 3365 650 3430; x_wconf 69' lang='lat' dir='ltr'><strong>arixilie.</strong></span> <span class='ocrx_word' id='word_1_139' title='bbox 674 3366 800 3431; x_wconf 89' lang='lat' dir='ltr'><strong>Etenim</strong></span> <span class='ocrx_word' id='word_1_140' title='bbox 813 3365 857 3444; x_wconf 88' lang='lat' dir='ltr'><strong>is,</strong></span> <span class='ocrx_word' id='word_1_141' title='bbox 874 3391 935 3452; x_wconf 82' lang='lat' dir='ltr'><strong>qua</strong></span> <span class='ocrx_word' id='word_1_142' title='bbox 945 3390 1070 3452; x_wconf 88' lang='lat' dir='ltr'><strong>semper</strong></span> 
     </span>
     <span class='ocr_line' id='line_1_23' title="bbox 85 3467 1102 3545; baseline 0.004 -13"><span class='ocrx_word' id='word_1_143' title='bbox 85 3467 334 3545; x_wconf 60' lang='lat' dir='ltr'><strong>numerorum,</strong></span> <span class='ocrx_word' id='word_1_144' title='bbox 351 3469 479 3535; x_wconf 83' lang='lat' dir='ltr'><strong>Perotti</strong></span> <span class='ocrx_word' id='word_1_145' title='bbox 490 3468 645 3534; x_wconf 90' lang='lat' dir='ltr'><strong>Codicem</strong></span> <span class='ocrx_word' id='word_1_146' title='bbox 656 3468 854 3535; x_wconf 82' lang='lat' dir='ltr'><strong>inVaticana</strong></span> <span class='ocrx_word' id='word_1_147' title='bbox 866 3470 1070 3536; x_wconf 86' lang='lat' dir='ltr'><strong>Bibliotheca</strong></span> <span class='ocrx_word' id='word_1_148' title='bbox 1098 3519 1102 3528; x_wconf 84' lang='lat'>.</span> 
     </span>
     <span class='ocr_line' id='line_1_24' title="bbox 79 3567 1070 3659; baseline 0.007 -29"><span class='ocrx_word' id='word_1_149' title='bbox 79 3567 205 3644; x_wconf 84' lang='lat' dir='ltr'><strong>¹invenit</strong></span> <span class='ocrx_word' id='word_1_150' title='bbox 233 3573 413 3658; x_wconf 85' lang='lat' dir='ltr'><strong>integrum,</strong></span> <span class='ocrx_word' id='word_1_151' title='bbox 450 3595 543 3659; x_wconf 88' lang='lat' dir='ltr'><strong>quem</strong></span> <span class='ocrx_word' id='word_1_152' title='bbox 577 3595 661 3636; x_wconf 88' lang='lat' dir='ltr'><strong>nunc</strong></span> <span class='ocrx_word' id='word_1_153' title='bbox 693 3595 764 3636; x_wconf 90' lang='lat' dir='ltr'><strong>cum</strong></span> <span class='ocrx_word' id='word_1_154' title='bbox 796 3573 964 3637; x_wconf 82' lang='lat' dir='ltr'><strong>Germanis</strong></span> <span class='ocrx_word' id='word_1_155' title='bbox 992 3573 1070 3638; x_wconf 86' lang='lat' dir='ltr'><strong>meis</strong></span> 
     </span>
     <span class='ocr_line' id='line_1_25' title="bbox 82 3672 1068 3768; baseline 0.006 -34"><span class='ocrx_word' id='word_1_156' title='bbox 82 3672 203 3752; x_wconf 88' lang='lat' dir='ltr'><strong>primus</strong></span> <span class='ocrx_word' id='word_1_157' title='bbox 216 3675 435 3753; x_wconf 88' lang='lat' dir='ltr'><strong>communico,</strong></span> <span class='ocrx_word' id='word_1_158' title='bbox 451 3675 653 3742; x_wconf 87' lang='lat' dir='ltr'><strong>Danielinum</strong></span> <span class='ocrx_word' id='word_1_159' title='bbox 666 3676 749 3740; x_wconf 90' lang='lat' dir='ltr'><strong>idem</strong></span> <span class='ocrx_word' id='word_1_160' title='bbox 765 3679 870 3740; x_wconf 90' lang='lat' dir='ltr'><strong>denuo</strong></span> <span class='ocrx_word' id='word_1_161' title='bbox 879 3676 1068 3768; x_wconf 83' lang='lat' dir='ltr'><strong>excussit)</strong></span> 
     </span>
    </p>
   </div>
   <div class='ocr_carea' id='block_1_4' title="bbox 81 3836 1067 3962">
    <p class='ocr_par' dir='ltr' id='par_1_4' title="bbox 81 3836 1067 3962">
     <span class='ocr_line' id='line_1_26' title="bbox 88 3836 1067 3950; baseline 0.001 -65"><span class='ocrx_word' id='word_1_162' title='bbox 88 3905 106 3950; x_wconf 75' lang='lat' dir='ltr'>z</span> <span class='ocrx_word' id='word_1_163' title='bbox 132 3836 158 3894; x_wconf 72' lang='lat'><strong>²²)</strong></span> <span class='ocrx_word' id='word_1_164' title='bbox 185 3841 206 3886; x_wconf 90' lang='lat'><strong>1.</strong></span> <span class='ocrx_word' id='word_1_165' title='bbox 224 3849 256 3886; x_wconf 84' lang='lat'>··..·</span> <span class='ocrx_word' id='word_1_166' title='bbox 277 3842 416 3887; x_wconf 78' lang='lat' dir='ltr'><strong>lmmellins.</strong></span> <span class='ocrx_word' id='word_1_167' title='bbox 459 3842 488 3886; x_wconf 87' lang='lat' dir='ltr'><strong>C.</strong></span> <span class='ocrx_word' id='word_1_168' title='bbox 510 3852 542 3884; x_wconf 67' lang='grc' dir='ltr'>ε</span> <span class='ocrx_word' id='word_1_169' title='bbox 563 3841 691 3886; x_wconf 83' lang='lat' dir='ltr'><strong>Cnsslttus.</strong></span> <span class='ocrx_word' id='word_1_170' title='bbox 732 3841 761 3885; x_wconf 83' lang='lat' dir='ltr'><strong>B.</strong></span> <span class='ocrx_word' id='word_1_171' title='bbox 782 3853 814 3884; x_wconf 88' lang='lat'><strong>=</strong></span> <span class='ocrx_word' id='word_1_172' title='bbox 832 3841 941 3887; x_wconf 76' lang='lat' dir='ltr'><strong>Bothiun.</strong></span> <span class='ocrx_word' id='word_1_173' title='bbox 978 3842 1008 3889; x_wconf 83' lang='grc' dir='ltr'><strong>Ζ.</strong></span> <span class='ocrx_word' id='word_1_174' title='bbox 1035 3851 1067 3886; x_wconf 79' lang='lat'>=</span> 
     </span>
     <span class='ocr_line' id='line_1_27' title="bbox 81 3909 186 3962; baseline 0.038 -10"><span class='ocrx_word' id='word_1_175' title='bbox 81 3954 84 3962; x_wconf 70' lang='grc'>,</span> <span class='ocrx_word' id='word_1_176' title='bbox 109 3909 186 3956; x_wconf 80' lang='lat' dir='ltr'><strong>ellim.</strong></span> 
     </span>
    </p>
   </div>
   <div class='ocr_carea' id='block_1_5' title="bbox 437 4060 714 4074">
    <p class='ocr_par' dir='ltr' id='par_1_5' title="bbox 437 4060 714 4074">
     <span class='ocr_line' id='line_1_28' title="bbox 437 4060 714 4074; baseline 0 -2"><span class='ocrx_word' id='word_1_177' title='bbox 437 4060 714 4074; x_wconf 60' lang='lat' dir='ltr'><strong>m</strong></span> 
     </span>
    </p>
   </div>
   <div class='ocr_carea' id='block_1_6' title="bbox 0 0 1415 4746">
    <p class='ocr_par' dir='ltr' id='par_1_6' title="bbox 0 0 1415 4746">
     <span class='ocr_line' id='line_1_29' title="bbox 0 0 1415 4746; baseline 0 0"><span class='ocrx_word' id='word_1_178' title='bbox 0 0 1415 4746; x_wconf 95' lang='lat' dir='ltr'><strong> </strong></span> 
     </span>
    </p>
   </div>
  </div>
 </body>
</html>
