2788 4772
125 461 253 523 Fraude
275 469 306 523 et
328 461 460 524 scelesta
483 459 529 523 sic
551 460 668 524 evertit
690 459 833 523 malitia:

122 563 180 626 Ad
202 563 307 625 nidum
330 561 452 626 scandit
475 563 637 627 volucris:
662 561 844 638 Pernicies,
869 562 928 643 ait,

124 663 201 727 Tibi
221 675 373 747 paratur,
397 665 509 729 forsan
532 676 565 728 et
586 664 720 727 miserae
742 661 836 740 mihi3

122 768 206 830 Nam
228 767 342 831 fodere
364 778 482 830 terram
504 770 592 852 quod
613 767 703 830 vides
724 766 866 850 quotidie

120 870 250 953 Aprum
272 868 476 945 insidiosum,
501 891 653 954 quercum
677 871 745 933 vult
768 881 934 945 evertere,

120 974 169 1036 Ut
190 981 333 1037 nostram
356 970 388 1035 in
409 972 506 1055 plano
528 971 622 1035 facile
644 971 830 1058 progeniem
853 971 1025 1056 opprimat.
1090 975 1130 1036 10

121 1077 269 1160 'Pet-rore
292 1075 399 1139 offuso
422 1086 456 1138 et
476 1074 670 1157 perturbatis
693 1073 837 1138 sensibus

118 1177 258 1260 Derepit
280 1179 320 1256 ad
341 1177 445 1240 cubile
468 1187 593 1241 setosae
618 1177 695 1240 suis.

119 1279 268 1364 Magno,
292 1279 415 1364 inquit,
440 1278 471 1342 in
493 1279 618 1360 periclo
640 1290 715 1342 sunt
736 1279 800 1342 uati
823 1279 887 1354 tui;

117 1385 224 1459 Nam,
248 1381 340 1446 simul
362 1381 479 1446 exieris
501 1392 626 1463 pastum
647 1403 718 1444 eum
740 1393 853 1448 tenero
876 1403 996 1468 grege,

117 1485 238 1571 Aquila
263 1497 313 1549 est
333 1496 447 1567 parata
468 1505 583 1567 rapere
605 1485 766 1567 porcellos
790 1485 861 1547 tibi.
1001 1475 1004 1480 ¹
1087 1488 1126 1550 15

116 1577 218 1657 Hune
239 1608 369 1672 quoque
391 1587 506 1649 timore
527 1597 698 1676 postquam
719 1587 895 1670 complevit
915 1589 1041 1664 locum,

116 1689 245 1754 Dolosa
266 1701 336 1755 tuto
360 1687 501 1754 condidit
522 1710 591 1752 sese
614 1710 715 1754 cavo:

116 1793 198 1856 Inde
222 1802 360 1877 evagata
382 1803 481 1855 noctu
503 1813 661 1875 suspenso
681 1795 780 1875 pede,

115 1895 183 1958 Ubi
205 1915 278 1958 esea
299 1915 334 1958 se
356 1894 493 1976 replevit
516 1904 548 1957 et
569 1895 696 1976 prolem
718 1917 824 1972 suam,

116 1999 282 2062 Pavorem
305 1995 453 2060 simulans
475 1997 634 2080 prospicit
654 2007 727 2062 toto
749 1998 810 2062 die.

116 2098 255 2164 Ruinam
278 2110 419 2163 metuens
442 2097 548 2184 aquila
569 2087 666 2162 ramis
687 2100 827 2176 desidet;

114 2203 210 2283 Aper
231 2201 374 2282 rapinam
398 2200 499 2265 vitans
511 2221 585 2271 non
607 2203 717 2284 prodit
737 2203 840 2269 foras.

115 2304 205 2384 Quid
227 2303 347 2368 multa?
369 2299 480 2366 Inedia
502 2315 575 2366 sunt
597 2305 778 2388 consumpti
799 2321 870 2368 cum
893 2306 958 2370 auis
1023 2367 1027 2380 ,

114 2406 267 2490 Felisque
288 2404 400 2469 catulis
422 2405 545 2490 largam
566 2409 786 2488 praebuerunt
807 2411 934 2490 dapem.

159 2510 320 2589 Quanmm
343 2509 441 2571 homo
462 2507 613 2592 bilinguis
635 2529 731 2591 saepe
752 2509 922 2575 concinnet
943 2508 1034 2589 mali,
1079 2505 1120 2573 25

112 2611 351 2678 Documentum
372 2611 492 2674 habere
514 2611 610 2674 stulta
630 2611 799 2680 credulitas
821 2623 942 2698 potest.
993 2629 996 2636 '

527 2829 623 2892 [aaa.
656 2831 707 2895 u]

236 2979 387 3064 [tenu]
411 2977 597 3046 causan
617 2979 683 3044 An
704 2979 996 3046 aramusnu.

157 3121 219 3182 Est
240 3119 438 3183 ardelionum
460 3121 611 3204 quaedam
636 3121 758 3184 Romae
779 3118 887 3196 natio,

115 3223 259 3305 Trepide
281 3241 474 3286 concursans
486 3266 496 3299 ,
522 3233 676 3304 occupata
698 3221 729 3284 in
752 3221 843 3296 otio,

114 3424 198 3470 licius.
247 3419 285 3479 (2)
312 3419 428 3481 immisit]
452 3421 483 3470 P.
509 3421 539 3466 R.
561 3406 590 3477 p.
614 3431 652 3470 mo
669 3422 741 3468 misit
760 3421 823 3468 eun.
848 3421 955 3466 Gronov.
969 3422 1003 3466 ³8.
1022 3421 1115 3465 Placet.
1147 3453 1154 3468 t

113 3490 153 3551 (5)
171 3515 204 3528 --
224 3497 251 3534 ut
264 3503 306 3536 soa
326 3505 349 3551 g.
388 3489 425 3548 (l)
443 3515 477 3526 -
495 3492 581 3536 ollicet
597 3492 629 3538 ll·
746 3504 747 3512 ¹
952 3501 955 3508 ’
1084 3503 1086 3510 ’

165 3562 225 3607 Fau.
243 3561 286 3606 tv.
324 3557 361 3615 (2)
381 3571 413 3605 =
427 3566 520 3605 nancta
530 3561 561 3608 P.
581 3561 611 3608 ll.
625 3575 650 3617 p.
664 3557 743 3620 (seles
756 3575 850 3616 semper
861 3559 891 3608 P.
911 3561 941 3604 ll.
961 3559 997 3614 p.)
1016 3556 1053 3614 (3)
1071 3570 1118 3600 ne-

112 3630 277 3676 morieultrit
308 3629 427 3688 Bongars.
458 3630 575 3680 liittersb.
607 3633 671 3677 coni.
696 3632 757 3676 baud
787 3629 932 3676 neccssaria.
957 3630 983 3672 S.
1026 3624 1065 3684 (l)
1084 3650 1117 3660 -·

113 3699 180 3744 Tam
201 3695 263 3755 sort.
294 3711 318 3754 p.
344 3713 394 3744 err.
424 3705 521 3760 typogr.
570 3697 609 3758 (8)
630 3711 661 3744 =
682 3699 772 3744 cotidie
789 3701 818 3744 P.
840 3700 870 3746 ll.
888 3712 912 3754 p.
949 3695 1006 3755 (11)
1024 3693 1116 3758 offuso]

112 3769 230 3814 Rittersb.
247 3770 274 3814 S.
294 3791 327 3804 -ι-
345 3765 424 3830 effuso
437 3770 468 3814 P.
487 3770 518 3814 ll.
537 3785 562 3827 p.
600 3767 658 3827 (12)
676 3766 783 3828 derepit]
796 3769 912 3813 ‘Celeres
930 3768 956 3810 S.
976 3791 1009 3800 -
1027 3765 1118 3822 diripit

112 3841 143 3888 P.
160 3839 192 3884 R.
211 3862 244 3872 —
262 3837 357 3895 direpta
375 3851 400 3894 p.
437 3835 490 3895 (13)
509 3863 541 3874 ·-
555 3840 672 3896 periculo
685 3841 715 3884 P.
735 3853 760 3894 p.
796 3835 853 3894 (17)
870 3833 931 3894 toto]
950 3836 1047 3880 Roma
1064 3847 1114 3879 sec.

112 3923 148 3953 m.
174 3908 230 3966 llig.
263 3909 289 3952 S.
315 3931 347 3942 -
377 3913 427 3952 toto
455 3909 485 3954 li.
515 3923 529 3953 a
555 3923 593 3966 pr.
627 3921 660 3954 m.
688 3910 719 3954 P.
745 3921 768 3964 p.
811 3903 866 3963 (18)
889 3929 922 3942 -
940 3918 1066 3962 suspense
1084 3903 1114 3950 P.

114 3977 171 4037 (19)
189 3974 228 4038 ae]
247 3991 271 4034 p.
291 3974 317 4028 S.
337 4001 369 4014 ·-
388 3987 444 4022 aeae
461 3979 492 4023 P.
511 3979 541 4024 ll.
578 3975 631 4035 (21)
648 3987 687 4025 ω
704 3976 801 4037 Reliqua
820 3981 844 4020 et
860 3975 951 4021 catulis
970 3973 1092 4022 tlara-8.
1120 3993 1123 4005 ⁴
