2796 4746
1028 346 1088 414 211

86 496 148 558 nlla
172 517 213 557 ex
236 504 327 578 parte
349 515 419 556 cnm
442 493 529 556 Afro
550 503 664 556 nostro
689 495 923 575 comparando,
955 491 1090 574 denique

87 602 123 662 de
149 599 251 661 Floro
281 596 497 660 Wernsdortii
522 617 615 659 nonno
648 617 759 671 sanus,
791 607 827 658 nt
853 595 991 678 opinor,
1029 593 1090 658 iarn

86 701 254 784 cogitabit.
308 701 398 780 Quae
430 711 533 762 autern
563 699 702 780 suspicio
741 701 863 762 moveri
890 699 1019 779 poterat
1050 719 1092 764 ex

85 805 140 879 iis,
173 825 254 886 qnae
277 803 518 866 Wernsdorfins
541 802 648 864 retulit
680 801 712 864 in
743 801 921 865 Addendia
948 801 1030 865 vot.
1057 803 1089 866 5.

87 909 127 970 Ρ.
141 908 173 969 2.
192 929 224 987 p.
245 907 355 971 1166.ε
381 906 565 985 „Gyraldns
586 906 624 966 de
643 903 749 986 poetis
765 904 852 968 Dial.
873 906 938 970 IV.
959 927 992 986 p.
1015 904 1090 969 262.

88 1009 129 1088 (in
156 1010 246 1072 Edit.
280 1009 380 1072 Basil.
411 1008 483 1071 atini
510 1009 603 1070 1580.
629 1019 677 1070 est
698 1028 732 1091 p.
766 1009 843 1074 191.
870 1030 901 1072 a.
925 1041 965 1052 -
988 1007 1092 1090 dupli·
1132 1039 1134 1052 ι

89 1124 200 1174 cantur
219 1112 301 1175 enine
323 1110 480 1190 nnmeriz)
504 1113 580 1174 haec
603 1111 718 1174 habet:
743 1111 819 1176 Fuit
834 1122 865 1174 et
888 1111 1091 1177 Theodosius

90 1215 282 1296 Tripolim,
321 1225 474 1296 utputo,
508 1235 549 1276 ex
570 1211 702 1289 Africa,
728 1213 783 1298 qni
802 1235 929 1278 carmen
959 1235 1093 1298 compo·

89 1316 166 1391 snit,
206 1320 294 1400 qttod
318 1321 388 1382 Ver
409 1315 618 1398 inscripsit:”
639 1348 680 1360 -
702 1337 737 1378 ea
761 1337 842 1382 vero
865 1318 1026 1401 suspicio,
1061 1318 1093 1382 in

90 1440 181 1503 qnam
205 1419 277 1503 quis
300 1441 336 1482 re
356 1422 440 1482 haud
464 1421 640 1484 accuratius
656 1420 832 1486 examinata
857 1421 931 1486 ideo
955 1421 1093 1486 incidere

89 1535 236 1604 poterat,
261 1521 334 1606 qnia
355 1522 386 1586 in
401 1522 478 1586 Aldi
499 1521 609 1586 codice
628 1534 771 1586 nostrum
791 1526 908 1606 poe‘ma
934 1529 1003 1592 Ver
1024 1535 1096 1588 erat

88 1615 293 1708 inscriptum,
311 1625 415 1688 statim
428 1637 614 1701 evanescet,
639 1625 694 1692 nbi
706 1627 883 1690 memineris
896 1630 974 1692 haec
989 1628 1096 1694 omnia

90 1728 275 1811 simpliciter
292 1727 449 1811 exscripta
470 1749 576 1792 cnseo
602 1727 696 1791 Suida
714 1729 747 1792 in
772 1753 806 1794 v.
833 1726 1012 1810 Θεοδόσιος
1029 1733 1093 1798 Ed.

92 1831 224 1895 Kusteri
244 1833 326 1896 Vol.
350 1832 380 1898 2.
402 1853 436 1913 p.
463 1833 536 1893 171.
563 1831 646 1894 Satis
665 1845 769 1896 autem
785 1835 951 1916 explosum
974 1834 1035 1898 iarn
1055 1839 1095 1900 ab

91 1935 155 1998 aliis
185 1935 281 2000 video
314 1934 418 2018 Sarpii
449 1951 592 1998 errorem
617 1934 649 1998 in
677 1937 946 2020 Quaestionibns
971 1938 1095 2022 philol.

92 2038 263 2102 Rostochii
285 2039 379 2102 1819.
401 2061 437 2123 p.
462 2039 517 2102 36.
540 2037 762 2116 commissum,
799 2040 854 2124 qni
885 2041 978 2104 nimia
1001 2063 1096 2126 saga·

92 2140 184 2204 citate
212 2143 354 2216 abissus,
393 2153 529 2224 propter
556 2140 723 2204 Barthiani
755 2143 928 2226 fragmenti
961 2144 1096 2210 indicent

93 2245 154 2308 hoc
175 2245 310 2330 poema,
349 2245 492 2332 exceptis
511 2244 621 2326 primis
645 2244 792 2307 versibus
819 2265 952 2311 numero
975 2249 1095 2318 XXII.

92 2348 251 2412 tribuebat
268 2347 411 2412 Thomae
431 2348 570 2412 Senecae
590 2346 750 2422 Camerti,
775 2348 897 2412 homini
919 2350 1003 2416 Italo
1021 2353 1095 2416 Sec.

94 2451 203 2528 XV.,
246 2451 412 2517 notissimo
443 2463 586 2514 veterum
621 2451 816 2532 scriptorum
847 2450 1098 2535 interpolatori,

94 2575 186 2637 quum
210 2566 315 2617 tamen
345 2553 502 2636 poematis
527 2553 654 2616 codices
684 2552 748 2636 ipsi
776 2574 833 2617 sex
858 2566 1021 2638 septemve
1046 2578 1097 2622 se·

95 2656 169 2720 cutis
191 2657 323 2720 huiusce
349 2660 490 2722 Senecae
521 2668 652 2720 aetatem
678 2660 883 2738 praecedant.
942 2660 1097 2730 Idunum

94 2771 210 2848 certum
229 2772 278 2824 est
292 2762 503 2845 antiquiorem
526 2760 624 2824 fnisse
639 2772 784 2824 nostrum
806 2763 936 2842 po‘e'tam
953 2764 1099 2848 Fulgen·
1148 2845 1153 2855 ι
1184 2771 1251 2860 με(
1288 2740 1314 2772 ‘⁹

94 2853 158 2939 tio,
196 2863 252 2947 qni
274 2866 355 2928 ditos
380 2863 447 2928 eins
470 2864 646 2955 persiculos
670 2862 807 2926 imitatus
838 2876 886 2928 est
911 2866 963 2929 vel
991 2867 1099 2949 potins
1126 2837 1176 2887 M
1289 2869 1302 2884 ⁸

96 2960 294 3045 impudenter
311 2964 516 3049 transcripsit
539 2965 783 3056 in'Mytholog.
808 2967 886 3032 Lib.
909 2969 939 3033 1.
964 2990 998 3052 p.
1022 2971 1098 3037 605.

97 3065 158 3132 Ed.
182 3090 243 3134 van
267 3069 442 3134 staveren:
541 3134 544 3141 ,

320 3209 402 3262 Ferte
420 3209 543 3280 gradum
559 3220 747 3282 properantes
767 3199 793 3242 Γ

354 3305 400 3356 De
418 3310 522 3356 viretis
540 3305 666 3372 collium,
854 3305 863 3338 s

319 3397 374 3451 Ubi
390 3406 492 3467 gratias
502 3397 676 3470 florulentas

354 3492 444 3544 Mane
463 3500 565 3544 rorant
580 3511 742 3565 purpurae:

317 3586 426 3638 Humor
445 3586 560 3655 algens,
580 3606 659 3658 quem
677 3592 784 3640 serenis

358 3681 450 3732 Astra
470 3680 575 3732 eradant
592 3682 729 3736 noctibus.

158 3791 239 3856 Nam
255 3793 345 3876 quod
356 3792 617 3868 Wernsdorfins,
633 3794 829 3884 pracindicio
840 3796 928 3870 sacto
942 3798 980 3861 de
996 3798 1098 3864 Floro

100 3908 155 3954 suo
184 3896 296 3974 (Toni.
325 3895 357 3958 3.
377 3907 415 3978 p.
442 3895 532 3974 119.)
554 3896 674 3958 censuit
703 3917 719 3958 a
744 3895 921 3980 Calpurnio
946 3905 1099 3984 quaedam

100 4010 117 4052 e
145 3995 325 4083 Pervigilio
347 3999 546 4081 ‘deprompta
579 4019 662 4075 esse,
699 3999 732 4062 id
760 4001 878 4066 rectius
910 4017 1099 4071 convertere
