2796 4746
1061 403 1101 468 19

109 550 254 630 Cotidie¹
267 563 371 615 morte
394 551 552 614 mulcatur
573 550 629 638 qui
656 572 727 615 cum
748 549 866 614 timore
884 542 1100 614 conscientiae

617 677 691 719 suae
714 664 876 718 versatur.

107 756 330 824 Contubcruia
344 757 414 822 illic
435 769 509 822 suut
522 756 739 822 lacrimarum.
763 759 892 843 quando
914 753 1102 820 misericors

617 861 779 945 conspicit
799 860 964 924 miserum.
997 941 999 946 ,
1059 859 1099 922 15

105 964 172 1031 Diu
192 967 449 1051 praeparandum
468 977 521 1029 est
537 967 576 1030 dc
601 965 703 1031 bello.
726 977 761 1028 ut
784 963 876 1030 ocius
894 963 1100 1044 vincas-dum

617 1067 830 1154 congrederis
849 1066 1024 1151 proelium.

106 1174 159 1238 De
179 1171 313 1236 inimico
333 1171 460 1255 penitus
481 1194 521 1236 ue
540 1173 698 1259 loquaris.

104 1277 231 1340 Durum
243 1288 291 1341 est
303 1279 463 1360 denegare
474 1275 651 1358 superiori.
667 1298 764 1362 quum
777 1276 893 1339 debeas
902 1273 1099 1356 supplicare.

106 1379 307 1444 Dissolvitur
322 1379 472 1462 protinus
487 1380 554 1442 lex.
575 1401 646 1442 cum
663 1378 761 1443 suerit
784 1376 970 1442 misericors
987 1377 1099 1440 iudex.

105 1482 279 1548 Dominari
294 1505 336 1547 ex
353 1494 445 1566 parte
458 1481 674 1567 dignoscitur.
692 1482 744 1546 cui
756 1481 905 1565 superior
919 1479 1102 1565 supplicare

616 1586 757 1650 videtur.
1062 1584 1104 1646 20

105 1687 242 1754 Decima
258 1691 342 1756 hora
361 1687 483 1754 amicos
496 1689 619 1773 plures.
641 1711 736 1774 quam
755 1661 861 1771 prinis
879 1686 1059 1770 repperies.

105 1793 274 1875 Eripere'
264 1815 385 1858 irarum
402 1793 526 1858 officia.
542 1815 608 1858 non
622 1814 800 1878 suggerere
815 1790 904 1856 tela'
894 1802 979 1855 irato
996 1793 1101 1855 decet.

104 1897 166 1958 Est
184 1894 294 1980 utique
316 1895 479 1978 profunda
500 1894 700 1980 ignorantia.
721 1895 846 1980 nescire
867 1898 957 1980 quod
972 1917 1101 1978 pecces.

104 1999 294 2062 Famulatur
310 1999 458 2064 domiuus
477 1999 533 2061 ubi
550 1999 652 2063 timet.
671 1999 787 2085 quibus
802 1998 939 2080 imperat
950 2018 1102 2080 prorsus.

106 2101 408 2184 Fateatur'iacinus
431 2113 597 2185 prompte.
634 2102 691 2187 qui
718 2100 872 2167 iudicium
893 2100 978 2185 sugit
1002 2101 1105 2163 mani·

615 2205 712 2271 feste.
1062 2201 1103 2267 25

105 2308 280 2396 Facileque
309 2309 434 2374 iaciunt
466 2311 553 2374 hona
581 2307 739 2374 invenies.
777 2332 849 2374 cum
880 2308 1105 2392 laudandoque

614 2412 764 2478 fecerunt
786 2413 891 2478 coles.

106 2516 209 2580 Feras
234 2537 300 2580 non
325 2516 448 2598 culpes.
469 2519 559 2602 quod
580 2518 698 2581 mutari
715 2538 781 2582 non
800 2528 907 2600 potes.

105 2621 238 2683 Furore
259 2621 298 2682 fit
318 2618 479 2684 atrocior.
503 2620 589 2684 laesa
611 2619 738 2704 saepius
755 2619 928 2702 pacientia.

103 2722 245 2814 Fulmen
262 2733 310 2786 est
326 2722 444 2806 procul
466 2721 579 2788 dubio.
602 2735 747 2806 potestas
768 2745 840 2787 cum
860 2722 1041 2787 iracundia.

103 2825 221 2891 Fidem
243 2825 301 2911 qui
319 2825 512 2910 perdiderit.
528 2826 617 2910 =nihil
638 2825 763 2911 poterit
780 2827 864 2889 ultra
881 2829 1035 2911 perdere.
1065 2826 1106 2889 30

102 3047 178 3090 latet:
207 3039 269 3088 Cum
288 3043 394 3089 inimico
418 3043 550 3104 ignoscis,
579 3043 676 3089 amicos
700 3045 844 3103 complures
860 3043 948 3101 paris.
998 3039 1053 3099 (11)
1070 3051 1102 3085 =

104 3113 165 3160 138.
179 3113 211 3160 0.
234 3125 266 3159 =
290 3110 338 3159 119
371 3113 400 3157 Β.
424 3123 464 3160 Ν
488 3111 584 3159 Cotidie
603 3113 756 3170 damnetur,
776 3116 820 3174 qui
838 3127 940 3170 semper
963 3112 1034 3158 limet
1053 3109 1103 3157 ΟΒ.

103 3180 163 3244 (15)
182 3185 270 3232 Abest.
308 3179 366 3240 (16)
384 3193 416 3228 ε
437 3180 496 3232 177.
518 3184 550 3232 O.
573 3182 682 3233 2192.
703 3184 733 3229 Β.
754 3194 794 3231 oso
811 3183 866 3228 Diu
877 3183 1054 3241 apparendum
1067 3186 1106 3225 est

103 3255 210 3310 bellum,
231 3260 258 3299 ut
279 3254 367 3298 vinces
389 3253 500 3299 celerius
519 3254 572 3300 OB.
619 3253 673 3310 (17)
694 3266 726 3298 .““.
749 3251 809 3303 163.
829 3254 861 3299 0.
887 3263 920 3297 .““.
940 3250 998 3298 176.
1017 3253 1044 3296 Β.
1066 3260 1106 3298 Ν

99 3324 140 3370 De
153 3325 259 3370 inimico
268 3337 299 3368 ne
315 3324 430 3382 loquoris
442 3325 523 3378 male,
539 3323 585 3370 sed
595 3325 703 3385 cogites.
714 3324 767 3370 OB.
805 3321 893 3382 (18-
904 3321 947 3377 21)
963 3323 1055 3368 Abeunt
1074 3320 1104 3364 ab

103 3395 156 3440 OB.
194 3397 226 3442 V.
247 3393 290 3439 21.
307 3395 413 3440 fortasse
433 3394 493 3440 fuit:
514 3393 622 3438 Decima
642 3393 705 3440 hora
724 3394 820 3440 etnicos
829 3395 923 3453 plures
936 3407 1007 3452 quom
1016 3392 1105 3448 prima

101 3464 200 3511 invenis
218 3465 257 3510 vel
277 3464 381 3509 invenit.
454 3461 508 3519 (22)
531 3475 563 3509 =
587 3462 646 3510 187.
667 3465 698 3510 0.
730 3476 763 3510 .““-’-
790 3463 851 3510 211.
873 3465 901 3509 Β.
934 3473 973 3510 w
995 3459 1105 3518 Eripere

101 3538 193 3590 telum,
213 3547 263 3580 non
279 3533 341 3579 dere
363 3535 431 3578 irato
449 3533 520 3578 decet
541 3535 593 3581 OB.
631 3533 685 3591 (23)
704 3535 789 3582 Abest.
827 3530 884 3589 (21)
905 3531 990 3578 Abest.
1017 3532 1104 3576 Deleto

100 3607 184 3660 inepto
203 3619 225 3649 v.
245 3618 358 3662 prorsus
377 3605 458 3660 prodit
478 3608 604 3660 senarius,
638 3606 727 3650 Publio
745 3605 808 3651 haud
828 3605 950 3662 indignus.
993 3598 1048 3657 (25)
1070 3610 1103 3644 ¹:-

100 3673 205 3722 220.0.
225 3684 258 3718 ,τ-
281 3671 680 3737 212.B.cs911'atetursucinus
698 3676 741 3732 is,
761 3676 805 3737 qui
821 3669 1035 3732 iudiciumsugit.
1049 3670 1103 3716 OB.
1164 3723 1165 3726 Ἰ

97 3745 156 3805 (26)
176 3745 260 3789 Abest.
295 3745 355 3803 Leg.
374 3743 478 3800 Facile,
511 3747 555 3805 qui
570 3741 678 3804 sacient
700 3769 710 3782 ·
731 3745 877 3800 laudando,
907 3743 950 3804 qui
970 3739 1102 3801 fecerunt.

97 3815 154 3873 (27)
174 3826 208 3860 =
225 3811 284 3860 225.
302 3815 334 3860 O.
360 3825 391 3858 =
411 3812 470 3859 216.
493 3816 522 3861 Β.
544 3826 583 3863 me
603 3820 685 3874 potest
704 3814 756 3861 OB.
794 3813 851 3874 (28)
875 3824 906 3859 =
928 3809 989 3858 219.
1013 3811 1044 3856 0.
1068 3819 1103 3857 =

95 3885 258 3934 27311119
274 3883 357 3929 Furor
369 3881 404 3945 fit
425 3885 497 3930 laeso
509 3887 614 3942 saepius
622 3886 750 3943 potienti«
763 3886 815 3932 OB.
856 3885 968 3943 (29)...
936 3895 968 3908 ··
990 3880 1048 3926 810.
1067 3881 1102 3928 0.

97 3967 129 3981 “·
97 3955 207 4002 ...958
226 3957 256 4004 Β.
273 3965 312 4002 619
328 3953 434 3999 Fulmen
449 3962 496 4009 est,
521 3955 564 4002 ubo
574 3970 631 4001 eum
637 3961 761 4013 potestate
773 3954 871 4001 habitui
882 3951 1028 4001 iracundie
1045 3953 1100 4000 OB.

110 4023 282 4098 3163118.
300 4025 383 4070 0.:.·.
408 4021 470 4074 219.
491 4026 520 4072 Β.
544 4035 583 4074 w
609 4023 698 4074 Fidem
721 4027 766 4088 qui
787 4025 890 4085 perdit,
910 4022 1020 4083 perdere
1036 4024 1105 4068 ultro

96 4096 153 4150 (nil
165 4101 258 4155 polest.
295 4097 348 4142 OB.

141 4188 231 4230 Phaedri
244 4189 339 4234 uaso
312 4203 339 4232 uo
340 4203 379 4232 res
393 4189 486 4233 71717177.
928 4189 950 4250 7(
