2796 4746
317 349 379 414 m

318 494 481 556 Humor
502 489 555 553 ille
570 511 671 574 'quem
693 488 814 553 serenis
835 501 946 553 aetra
968 499 1080 554 rorant
1102 488 1286 552 noctibus

319 598 420 660 Mane
443 594 604 679 virgineas
626 591 805 675 papillas
826 593 960 656 solvit
981 592 1115 655 tumenti
1134 592 1231 674 peplo

319 700 418 783 Ipsa
440 697 560 761 iussit
581 707 714 758 manet
734 707 824 760 tute
845 696 987 782 virgines
1009 698 1130 759 nubant
1150 715 1244 758 rosae

318 804 444 868 Facta
467 800 557 884 prius
579 802 617 862 de
638 802 907 884 eruore-deque
929 787 1051 863 amoris'
1069 797 1227 862 osculis

318 906 436 990 Deque
458 903 592 990 gemmis
614 907 717 987 deque
737 903 871 966 flammis
894 906 997 987 deque
1023 903 1102 966 solis
1123 899 1319 984 purpuris

319 1009 403 1076 Cras
424 1011 575 1073 ruborem
598 1007 652 1092 qui
674 1007 794 1070 larebat
815 1017 905 1069 veste
926 1017 1030 1070 tectus
1052 1005 1146 1090 ignea

318 1113 421 1180 Unica
443 1109 592 1174 marita
614 1122 710 1174 noto
733 1129 796 1172 non
818 1110 995 1192 pudebit
1015 1109 1145 1174 solvere

319 1217 402 1282 Cras
416 1228 500 1280 amet
514 1213 569 1299 qui
584 1235 742 1298 nunquam
758 1213 876 1283 amavit
889 1215 1006 1298 quique
1021 1211 1137 1277 amavit
1152 1233 1222 1276 eras
1237 1223 1318 1277 amet

316 1323 392 1405 Ipsa
415 1319 527 1385 nimsas
550 1319 621 1382 diva
643 1319 736 1382 luco
757 1316 848 1380 iussit
869 1315 916 1380 ire
938 1327 1063 1396 myrteo

317 1427 364 1491 Et
383 1446 464 1508 puer
486 1443 620 1488 eomes
641 1421 754 1504 puellis
776 1441 837 1484 nee
858 1431 962 1484 tamen
983 1421 1070 1485 credi
1090 1432 1199 1505 potest

317 1531 400 1594 Esse
423 1548 563 1592 amorem
584 1525 733 1590 feriatum
757 1523 785 1586 si
807 1523 940 1609 sagittas
963 1525 1091 1589 vexerit

317 1632 362 1696 ln
385 1643 423 1696 te
445 1631 568 1696 nimse
588 1627 698 1712 posuit
720 1648 806 1692 arma
827 1627 964 1691 feriatus
986 1640 1034 1692 est
1055 1648 1146 1695 amor

317 1737 427 1800 Iussus
450 1755 468 1798 e
488 1732 618 1798 inermis
640 1733 687 1796 ire
710 1736 836 1797 nudos
857 1733 905 1799 ire
927 1733 1031 1797 iussus
1054 1744 1103 1797 est

317 1841 401 1905 Neu
423 1838 515 1924 quid
537 1859 631 1900 arcu
653 1857 724 1900 neu
745 1836 860 1921 sagitta
874 1859 935 1902 neu
950 1838 1026 1923 quid
1047 1836 1140 1923 igne
1161 1839 1282 1902 lederet

318 1945 383 2024 Sed
403 1954 507 2006 tamen
529 1940 651 2005 nimfe
674 1950 786 2004 cavete
808 1943 895 2026 quod
916 1939 1034 2023 cupido
1055 1939 1195 2024 pulcer
1217 1955 1265 2006 est

318 2049 423 2111 Totus
446 2055 496 2110 est
514 2043 642 2109 inermis
664 2043 697 2108 si
719 2029 774 2108 de-
784 2047 913 2128 quando
928 2046 1037 2130 ¹nudus
1060 2054 1110 2108 est
1129 2065 1222 2108 amor

317 2148 402 2216 Cras
418 2160 502 2214 emet
517 2148 572 2236 qui
587 2169 748 2233 nunquam
763 2149 881 2213 amavit
894 2147 1012 2233 quique
1027 2145 1146 2213 amavit
1157 2170 1230 2214 cras
1241 2159 1317 2212 amet

277 2293 279 2300 ·
319 2253 504 2338 Conpari
525 2274 648 2318 venus
670 2255 795 2336 pudore
818 2249 913 2315 mittit
935 2253 974 2314 ad
994 2262 1027 2315 te
1049 2250 1189 2336 virgines

317 2361 436 2425 Unam
460 2379 522 2422 res
545 2368 593 2420 est
614 2377 706 2439 quam
729 2375 883 2440 rogamus
904 2357 982 2418 cede
1005 2354 1099 2440 virgo
1123 2355 1205 2418 delia

316 2463 367 2528 Ut
388 2483 522 2526 nemus
544 2459 598 2524 sit
620 2460 870 2523 incruentum
894 2459 1045 2523 deterinis
1066 2457 1254 2544 tragibus

319 2567 394 2649 Ipsa
419 2563 508 2628 vellit
529 2584 666 2649 erogare
687 2562 714 2626 si
736 2561 883 2644 pudicam
904 2563 1051 2626 flecteret

318 2671 379 2752 Ipa
401 2667 519 2732 vellit
540 2678 576 2730 ut
597 2665 760 2730 venires
783 2665 810 2728 si
832 2669 999 2729 deceret
1022 2665 1179 2749 virginem

317 2773 385 2837 Iam
408 2771 510 2835 tribus
532 2771 681 2835 chorus
705 2769 829 2832 videres
851 2769 973 2831 feriatis
996 2769 1144 2834 noctibus

317 2876 512 2961 congreges
533 2873 616 2937 inter
638 2883 782 2935 catervas
805 2869 851 2936 ire
873 2895 932 2956 per
954 2871 1053 2934 saltus
1073 2884 1147 2937 tuos

317 2981 453 3045 Floreas
475 2977 558 3042 inter
581 2995 719 3041 coronas
742 2987 894 3056 myrteo
917 2975 998 3040 inter
1020 2997 1108 3039 casas

316 3085 388 3148 Nee
410 3101 522 3146 ceres
544 3101 603 3144 nee
623 3082 771 3143 baccus
795 3081 909 3143 absunt
924 3101 982 3143 nec
996 3091 1162 3162 poetarum
1178 3082 1274 3146 deus
1387 3113 1389 3140 r

317 3188 375 3253 De
397 3183 550 3250 tinente
571 3193 640 3249 tota
662 3202 729 3245 nox
751 3194 798 3246 est
819 3181 1085 3266 perviolanda
1107 3184 1234 3248 canticis

317 3291 445 3374 Regnet
467 3288 498 3352 in
519 3286 608 3352 silvis
630 3287 725 3350 dione
746 3297 836 3349 ture
858 3289 952 3351 eede
975 3286 1056 3350 delia

320 3389 401 3459 Cras
417 3403 499 3456 amet
514 3390 569 3476 qui
583 3410 741 3474 nunquam
758 3391 874 3455 amavit
888 3390 1004 3474 quique
1020 3391 1137 3458 amavit
1150 3414 1220 3458 cras
1240 3401 1316 3456 amet

371 3611 413 3660 35.
433 3614 458 3658 ri
476 3591 517 3674 de]
535 3613 627 3658 Rasure
644 3612 705 3656 inter
723 3612 748 3655 ιι·
769 3616 793 3656 et
811 3589 851 3658 de.
890 3610 931 3658 45.
946 3609 1090 3672 poetarum]
1112 3613 1151 3659 Sic
1173 3613 1260 3660 Hauth.
1275 3624 1316 3671 po·

137 3679 145 3690 '
246 3745 248 3750 ,
317 3691 415 3734 tearum
432 3685 494 3740 sill„
525 3680 567 3728 46.
587 3681 626 3727 De
644 3679 747 3740 tinente]
767 3683 807 3728 Sic
825 3682 912 3729 naath.
931 3680 1062 3728 Dentrem
1081 3684 1135 3730 sin.
