2796 4746
285 361 287 367 ⁴
331 337 394 402 att

330 479 461 543 Iussit
483 481 620 561 hybiei
642 481 830 544 tribuunt
853 493 938 544 stare
958 480 1031 543 diva
1053 481 1186 544 floribus

330 584 488 647 Praesens
510 584 578 665 ipsa
601 583 671 646 iura
694 584 768 646 dieit
790 586 979 648 adsederant
1002 584 1124 668 gratiae

331 688 431 750 Hibla
452 698 560 748 totns
583 687 725 749 fundet
748 687 942 772 quidquid
965 703 1089 751 annos
1112 689 1276 752 adtullit

330 791 426 854 Hibla
456 791 570 854 florum
599 801 849 871 superestem
880 803 1050 873 quantus
1080 802 1118 853 et
1150 814 1221 854 nee
1249 814 1323 854 eam·
1379 789 1380 826 ¹

960 917 1019 978 pus
1042 905 1089 957 est

328 993 428 1063 Ruris
450 997 502 1060 hio
524 1009 616 1061 erunt
637 998 762 1080 puellae
785 997 835 1060 vel
857 999 982 1080 puellae
1005 997 1161 1062 montium*

330 1103 484 1186 Quaeque
506 1101 627 1164 silvas
650 1122 751 1184 quae
773 1102 886 1165 loeus
909 1122 1036 1185 queque
1051 1113 1174 1166 montes
1189 1100 1321 1165 incolunt

328 1203 428 1268 Iussit
450 1225 579 1269 omnes
601 1205 753 1266 adsidere
768 1204 858 1286 pueri
880 1217 980 1268 mater
1001 1205 1119 1269 alitis

327 1308 426 1372 Iussit
448 1319 480 1372 et
502 1311 603 1372 nudo
625 1308 747 1391 puellas
767 1306 812 1369 nil
837 1305 959 1371 amori
981 1311 1110 1372 credere

329 1410 412 1476 Cras
427 1423 509 1474 amet
524 1410 579 1496 qui
593 1413 757 1494 nunquam
767 1409 884 1476 amavit
899 1413 1015 1496 quique
1031 1410 1147 1475 amavit
1161 1433 1232 1474 eras
1247 1421 1320 1474 amet

327 1517 373 1578 Et
396 1515 575 1600 rigentibus
593 1513 771 1578 virentes
794 1516 869 1578 dno
893 1515 1074 1579 adumbra
1094 1514 1230 1580 floribus

328 1617 411 1683 Cras
434 1619 493 1681 erit
515 1639 592 1702 qno
616 1617 735 1699 primus
759 1618 1091 1701 ethereopolavit
1113 1617 1236 1701 nuptias

327 1722 373 1785 Ut
393 1734 485 1804 pater
507 1721 583 1784 totis
606 1718 764 1784 creavit
783 1721 893 1785 'vernis
915 1742 1030 1785 aunum
1051 1722 1187 1786 nubibus

326 1824 366 1910 lp
387 1825 488 1887 sinum
513 1823 644 1887 maritus
666 1823 768 1887 imber
789 1824 912 1888 fluxit
932 1826 1031 1888 alme
1057 1825 1203 1910 coniugis

326 1926 1317 2014 Undeflaetnsmixtnsomnisalteretmagnocorpore
1379 1979 1380 2022 q

251 2031 253 2035 ’
326 2031 404 2113 Ipsa
427 2051 548 2092 venas
571 2033 697 2114 adque
720 2033 853 2094 ruentem
876 2032 1101 2113 permeanti
1123 2030 1238 2114 spiritu

325 2135 416 2198 Intus
438 2133 553 2198 ocultis
576 2135 773 2219 gobernat
794 2135 1028 2216 procreatis
1051 2135 1172 2199 viribus

325 2238 400 2302 Per
430 2257 540 2320 quem
573 2237 695 2301 eaelum
724 2258 796 2320 per
826 2259 933 2321 quem
955 2251 1058 2302 terras
1081 2261 1140 2322 per
1162 2261 1222 2324 que
1245 2261 1316 2323 pon·

464 2325 465 2330 ¹
955 2353 1022 2430 tum
1044 2343 1203 2406 subditum

325 2445 479 2510 Persium
501 2445 550 2508 sui
571 2447 777 2510 tenderem
799 2444 953 2509 semina
973 2445 1170 2508 litramite

323 2548 435 2612 Inbnit
457 2548 607 2633 iussitque
629 2551 776 2611 mnodum
799 2569 918 2612 nosse
940 2548 1135 2612 nascendi
1157 2549 1223 2612 vias

324 2649 407 2716 Cras
423 2662 505 2713 amet
520 2651 573 2735 qni
589 2672 747 2735 nunquam
758 2652 876 2714 amavit
891 2652 1009 2737 quique
1026 2652 1141 2715 amavit
1156 2673 1228 2716 cras
1243 2660 1313 2714 amet

322 2756 398 2838 ipsa
421 2753 565 2818 troianos
588 2766 761 2837 nepotes
782 2755 814 2816 in
838 2756 939 2818 latin
953 2777 994 2819 os
1017 2755 1178 2818 transtulit

322 2857 340 2921 1
348 2878 393 2940 pa
415 2857 586 2920 laurentem
610 2857 744 2939 puellam
766 2857 934 2943 coniugem
957 2871 1032 2922 nato
1055 2859 1141 2922 dedit

322 2962 472 3045 Moxque
495 2960 587 3022 marti
609 2963 647 3024 de
668 2961 787 3047 sacello
810 2963 862 3022 dat
883 2963 1028 3043 pudieam
1052 2963 1207 3048 virginem

322 3065 542 3128 Romuleas
564 3063 672 3145 ipsas
694 3063 770 3126 feeit
793 3085 860 3126 oum
884 3064 1035 3128 sabinis
1059 3065 1183 3148 nuptias

321 3169 413 3232 Unde
432 3189 590 3234 samnes
613 3177 645 3230 et
666 3166 796 3250 quirites
818 3188 945 3251 proque
967 3169 1060 3251 prole
1082 3181 1246 3250 posterum

321 3270 453 3334 Romoli
475 3280 605 3336 matrem
627 3281 751 3332 crearet
774 3282 805 3332 et
827 3282 974 3353 nepotem
997 3293 1155 3334 caesarem

320 3371 405 3438 Cras
437 3385 517 3436 amet
544 3373 599 3458 qui
627 3395 785 3457 nunquam
815 3374 932 3437 amavit
961 3375 1078 3459 quique
1108 3377 1225 3441 amavit
1252 3395 1314 3440 eras

951 3490 1033 3540 amet

320 3581 411 3644 Rura
433 3580 629 3644 fecundat
652 3580 799 3661 voluptas
823 3602 898 3643 rura
922 3602 1069 3645 venerem
1093 3583 1229 3648 sentiunt

323 3686 396 3768 [pse
420 3705 510 3747 arnor
531 3706 611 3766 puer
633 3684 726 3747 dione
750 3705 823 3747 rure
848 3696 940 3747 natu
964 3685 1079 3748 dieitur

373 3884 415 3934 tt.
437 3885 557 3945 tribuunt]
583 3888 621 3931 Sic
646 3887 733 3932 Hauth.
770 3887 823 3932 Non
847 3891 938 3933 notavit
962 3891 1015 3933 stu.
1060 3890 1101 3936 51.
1128 3890 1222 3936 Omittit
1240 3891 1313 3953 florea

322 3955 394 4002 Saltu.
433 3954 475 4002 52.
495 3963 518 4001 et
537 3955 594 4012 uec]
613 3957 757 4002 sicttamn.
779 3959 921 4004 essesut.
956 3958 1281 4019 ntocutrtsnterqnettod.
