2796 4746
1037 361 1097 428 231

91 510 166 590 Ipsa
188 505 301 581 iussit,
327 525 416 569 mane
440 515 526 586 totae
550 503 692 588 virgines
715 506 833 568 nubant
853 523 962 570 rosae.

90 614 190 676 Facta
214 609 335 692 Cyprio
357 612 395 672 de
418 631 534 674 cruore
557 611 658 693 deque
682 609 813 673 Amoris
835 609 953 672 osculis
1049 637 1050 640 ¹
1148 651 1154 666 .

90 717 206 798 Deque
230 713 362 800 gemmis
385 716 487 798 deque
507 713 641 775 flammis
663 714 765 796 deque
788 712 873 777 Solio
894 711 1064 795 purpuris,

90 818 175 883 Cras
198 821 368 894 ruborem,
393 817 449 901 qui
469 816 587 879 latebat
609 827 697 878 veste
717 825 821 879 tectus
842 816 954 902 ignea,
1054 814 1100 900 25

89 922 196 986 Unico
220 921 333 984 murita
356 923 442 984 uodo
467 940 532 983 uon
553 919 686 1001 pudebit
707 920 849 983 soluere.
1146 960 1162 1000 4

135 1025 219 1090 Cras
241 1037 342 1099 uiuet,
375 1023 431 1108 qui
462 1043 619 1107 nunquam
649 1022 784 1097 amavitt
817 1022 936 1107 quique
959 1021 1098 1104 amavit,

728 1148 800 1190 crus
821 1137 918 1192 amet.

89 1233 171 1315 Ipsa
194 1231 362 1312 Nymphas
383 1229 468 1294 Diva
491 1229 566 1294 luco
589 1229 679 1294 iussit
700 1228 748 1293 ire
771 1242 911 1311 myrteo.

91 1337 123 1399 It
149 1356 227 1417 puer
250 1355 358 1398 comcs
379 1333 520 1416 puellis:
545 1353 604 1396 uec
626 1343 731 1396 tumeo
753 1333 843 1400 credi
865 1343 996 1417 potent,

90 1441 177 1505 Esse
199 1439 354 1502 Amorem
376 1437 542 1511 feriatum,
568 1435 597 1500 ci
619 1436 753 1520 sagittas
775 1437 916 1519 vexerit.
1061 1433 1103 1503 00

89 1544 163 1617 Ito,
188 1543 376 1623 Nymphae3
399 1539 512 1622 posuit
533 1559 642 1616 arma,
665 1538 801 1605 fertario
821 1553 872 1604 ert
890 1543 1013 1606 Amor.

90 1648 205 1710 Iussus
229 1655 279 1708 est
300 1643 430 1706 inermis
452 1643 519 1718 ire,
544 1644 645 1705 nudus
667 1642 715 1706 ire
736 1641 844 1706 iussus
865 1657 933 1719 est;

90 1751 166 1814 Neu
189 1749 266 1832 quid
288 1769 364 1811 arcu
387 1767 448 1810 neu
469 1747 586 1831 sagitta
608 1767 669 1810 ueu
692 1745 768 1831 quid
789 1749 863 1832 igno
886 1748 1047 1824 laederet,

91 1854 159 1917 Sed
170 1865 273 1915 tamen
297 1862 419 1926 cavete,
438 1852 619 1932 Nymphae,
643 1852 732 1934 quod
747 1849 877 1934 Cupido
893 1852 1026 1933 pulcher
1042 1860 1120 1921 est.

42 1960 47 1970 '
92 1959 203 2020 Totus
226 1965 275 2018 est
296 1952 425 2016 inermis
441 1953 543 2030 idem,
567 1956 696 2037 quando
713 1956 814 2018 nudus
829 1967 895 2030 est,
921 1956 1039 2019 Amor.
1063 1955 1103 2020 35
1149 1990 1154 1999 ·

136 2057 222 2124 Cras
250 2069 352 2132 amet,
388 2056 443 2142 qui
470 2078 630 2141 nunquam
653 2059 789 2132 amatim
827 2060 945 2140 quiquo
968 2059 1104 2136 arnavit,

734 2183 805 2224 cras
827 2175 910 2224 amet

94 2263 252 2347 Compuri
275 2265 388 2327 Venus
411 2266 539 2346 pudore
561 2264 659 2327 mittit
682 2267 722 2327 ud
744 2276 776 2328 te
799 2264 959 2346 virgines3

94 2369 169 2435 Una
192 2391 244 2431 res
267 2380 333 2444 est,
358 2389 451 2450 quam
474 2389 646 2453 rogemus:
671 2372 764 2444 cede,
791 2369 886 2452 virgo
909 2369 1020 2432 Delia:

94 2475 141 2539 Ut
163 2493 271 2535 nemus
293 2472 335 2534 sit
356 2471 554 2535 incruentum
579 2473 617 2534 de
640 2471 750 2534 scrinis
773 2471 949 2552 stragibus.

94 2578 171 2660 Ipsa
196 2576 292 2638 vellet
314 2587 346 2638 te
368 2595 505 2658 rogare,
530 2574 557 2638 si
580 2574 724 2657 pudieam
748 2576 913 2650 flecterem
1066 2575 1109 2638 00
1130 2526 1178 2670 ζ

94 2682 173 2762 Ipsa
196 2679 316 2755 vellet,
340 2689 376 2740 ut
398 2677 547 2752 venires,
571 2678 597 2742 si
620 2681 747 2742 deceret
769 2678 946 2762 virginem:

95 2785 165 2847 Iam
187 2781 290 2844 tribus
312 2783 432 2846 choros
455 2781 578 2845 videres
599 2783 734 2846 feriatos
757 2783 926 2860 noctibus,

97 2887 294 2970 Congreges
317 2885 399 2954 iuter
421 2897 567 2950 catervas
591 2885 638 2949 ire
661 2909 720 2970 per
742 2888 839 2950 saltus
863 2898 958 2963 tuos;

97 2991 234 3053 Floreas
256 2988 340 3051 inter
363 3009 516 3066 coronas,
541 3001 678 3070 myrteus
702 2990 785 3076 iuter
807 3012 909 3054 casas.

97 3095 170 3156 Nec
193 3092 295 3157 Ceres
316 3114 374 3156 nec
389 3093 536 3156 Bacchus
552 3095 665 3158 absunt
681 3115 740 3156 nee
755 3097 923 3176 poe'tarum
939 3094 1042 3160 Deus.
1067 3096 1106 3158 45

98 3195 216 3262 Detiue
239 3207 289 3260 te:
312 3207 380 3258 tota
402 3217 468 3260 nox
491 3209 539 3259 est
560 3196 768 3281 perviglanda
791 3197 935 3262 nauticis.

99 3302 228 3384 Reguet
249 3299 282 3361 iu
304 3299 393 3363 silvis
415 3299 541 3375 Dioue;
565 3311 600 3363 tu
622 3302 756 3377 recede,
781 3301 889 3365 Delia.
1042 3374 1044 3380 ‚

142 3401 225 3466 Cras
246 3414 349 3480 amet,
385 3403 439 3487 qui
463 3423 620 3488 nunquam
648 3405 783 3480 amavit3
822 3405 941 3489 quique
964 3405 1103 3485 amavit,

697 3527 701 3532 ·
733 3529 804 3571 cras
827 3521 924 3573 amet.

39 3679 41 3688 ¹
101 3598 202 3686 Iussit
221 3609 375 3689 Hyblacis
398 3609 537 3674 tribunal
559 3620 645 3676 stare
666 3610 752 3674 Diva
774 3612 923 3676 floribus.

101 3715 239 3780 Praeses
261 3713 329 3797 ipsa
350 3713 419 3778 iura
442 3713 544 3792 dicet,
569 3715 750 3780 assidebunt
774 3714 916 3784 Gratiae.
1067 3717 1109 3779 50

154 3913 197 3962 22.
217 3929 291 3961 moue
322 3921 348 3961 ut
374 3915 438 3962 uilloc
463 3917 505 3963 W.
531 3919 557 3963 S.
607 3915 650 3964 28.
669 3914 776 3979 uymsae
794 3918 836 3964 W.
875 3914 916 3964 31.
937 3915 1042 3978 uyrusue
1064 3921 1105 3964 W.

105 3983 145 4031 ³4.
164 4003 191 4042 u.
210 3994 293 4032 cavete
312 3987 354 4031 W.
371 3989 397 4033 S.
430 3985 470 4033 35.
491 3990 572 4038 estin
588 3990 669 4033 armis
684 3990 726 4034 W.
747 3985 789 4034 00.
811 4001 919 4049 erogare
937 3990 962 4034 S.
984 3987 1026 4034 42.
1040 3985 1109 4047 seri·

104 4063 174 4101 entes
193 4059 234 4102 W.
251 4060 280 4102 S.
318 4055 359 4103 00.
378 4057 417 4102 De
435 4065 532 4104 tenente
548 4065 566 4104 l.
587 4059 629 4103 W.
649 4061 676 4104 S.
