2796 4746
1046 373 1109 436 227

98 517 192 579 Hune
213 537 293 600 ager
316 538 385 578 cum
409 519 593 598 pturiret
614 516 682 597 ipsa
705 515 846 597 suscepit
866 514 967 578 sinu

99 621 172 700 Ipsa
194 620 310 683 florum
334 619 532 682 delicatis
554 618 701 682 educarit
721 619 840 683 osculis
1055 683 1059 700 ¹

99 721 179 786 Cras
189 735 270 785 amet
282 722 334 805 qui
344 744 502 806 nunquam
510 721 625 784 amavit
637 722 754 806 quique
766 722 960 786 amavitcres
969 733 1053 786 amet
1063 723 1105 786 80

97 827 183 888 Ecce
203 826 264 887 iam
288 846 385 907 super
408 837 555 909 genestae
578 825 717 906 explicat
739 825 824 888 aonii
845 827 927 889 istus

98 928 240 1012 Quisque
263 941 355 992 tuus
378 951 443 1012 quo
466 939 592 997 tenetur
614 951 697 991 cum
720 927 852 1009 iugali
873 928 1017 994 federe

98 1033 215 1118 subter
230 1034 358 1094 umbras
373 1053 442 1094 cum
461 1031 581 1093 maritis
603 1031 914 1097 eccevslautum
929 1055 1105 1118 gregum

97 1133 140 1198 Et
163 1156 342 1200 canores
365 1156 428 1199 non
451 1147 560 1200 tacere
583 1135 654 1198 diva
679 1133 770 1198 iussit
792 1133 882 1200 alites

97 1240 162 1302 lam
178 1239 332 1321 loquaces
349 1259 407 1303 ore
422 1260 521 1302 rairco
543 1251 686 1324 stagna
708 1237 823 1324 cigni
844 1248 1048 1323 perstrepunt
1064 1242 1105 1304 85

97 1342 640 1424 Adsonantcaereipuellae
656 1344 1106 1427 suptcrumhcsmpopuli

97 1447 140 1511 Ut
163 1459 284 1529 putas
308 1458 413 1511 motus
437 1446 556 1508 amoris
578 1467 635 1509 ore
658 1445 829 1509 dicimus
852 1446 863 1508 i
885 1468 931 1512 co

98 1553 124 1614 E
142 1563 184 1612 et
207 1570 307 1636 neges
329 1549 449 1634 queri
470 1569 618 1613 sororem
641 1553 680 1613 de
701 1551 816 1614 marito
838 1551 979 1616 barbaro
1028 1605 1030 1610 .

96 1655 153 1718 Illa
177 1655 284 1716 cantat
306 1675 365 1718 uos
387 1665 525 1716 tacemus
549 1655 712 1737 qiiando
736 1675 807 1718 ver
830 1652 917 1718 venit
937 1677 1042 1720 meum

98 1757 400 1838 Quandosaciam
417 1769 458 1819 ut
481 1757 703 1822 celidonut
723 1757 1037 1822 taceretdesinam
1063 1759 1106 1822 90

98 1861 346 1942 Perdidimus
369 1863 596 1926 antecendo
619 1861 663 1924 ni
685 1883 734 1926 me
754 1861 870 1926 foebus
892 1859 1024 1945 respicit

98 1965 149 2028 Sic
171 1964 321 2028 umidas
344 1987 414 2027 cum
437 1976 561 2028 taceret
579 1965 762 2048 perdidit
785 1964 942 2029 siientium

95 2067 176 2134 Cras
193 2080 276 2131 amet
285 2067 339 2153 qui
353 2090 511 2152 nunquam
523 2068 640 2132 amavit
656 2068 773 2153 quique
791 2068 908 2132 amavit
924 2089 995 2133 cras
1007 2079 1104 2134 amet.

147 2272 189 2319 78,
214 2273 326 2330 pturiret
351 2285 405 2318 cum
431 2274 474 2317 lin.
504 2273 586 2318 subter
605 2273 641 2316 iit.
659 2287 686 2330 p.
724 2271 752 2316 ld
771 2277 807 2317 est
824 2274 937 2331 proprie,
952 2272 1103 2334 parturiret.

97 2341 137 2389 88.
157 2341 250 2405 neges]
269 2344 309 2388 Sic
327 2344 414 2389 flauth.
435 2343 488 2388 sul.
509 2345 597 2402 legisse
614 2343 709 2388 ridetur
727 2355 813 2404 reget.

510 2631 711 2651 -ι-ι--ι
