2788 4772
300 315 338 376 en

299 453 474 520 Concurrit
495 454 647 537 populus.
692 454 752 518 Ille
774 476 807 518 se
829 465 960 540 torquet
982 456 1037 524 diu

233 625 238 628 ,
298 561 369 622 Nee
390 556 585 641 quaestionis
606 556 730 638 positae
753 579 877 620 eausam
898 557 1066 645 intellegit.

298 660 484 725 Novissime
505 659 694 722 succumbit.
740 663 823 722 'l'uru
848 661 953 726 vietor
974 665 1114 744 sophus:

300 763 375 828 Cito
398 783 526 844 rumpes
548 782 674 842 areum,
700 783 826 844 semper
846 765 873 827 si
894 775 1016 828 tensum
1037 767 1208 842 hebueris3
1268 769 1305 829 10

298 869 344 932 At
366 865 392 928 si
413 867 552 941 laxaris,
577 887 673 950 quum
697 867 786 929 voles
810 866 870 929 enit
892 866 990 932 utilis.

342 968 396 1032 Sic
418 968 509 1032 ludus
533 967 637 1033 animo
661 971 754 1032 debet
776 968 945 1050 aliqnando
967 970 1056 1050 deri,

300 1074 354 1136 Ad
376 1070 579 1156 cogitandum
601 1071 715 1136 melior
736 1083 772 1135 ut
792 1074 901 1136 redeat
922 1071 993 1136 tibi.

525 1319 527 1326 .
623 1247 627 1258 ’
696 1291 794 1366 [nse.
813 1292 894 1354 uu]

586 1431 723 1498 CANIS
745 1432 811 1497 AD
833 1433 1019 1503 AGNUM.
1063 1431 1065 1437 ⁸

342 1575 433 1637 Inter
454 1572 591 1656 capellas
613 1595 697 1658 agno
720 1574 842 1637 balanti
862 1573 967 1638 oanis:

302 1679 425 1752 Stulte,
449 1675 567 1760 inquit,
593 1698 702 1752 erras3
725 1697 790 1739 non
814 1688 863 1741 est
883 1679 936 1740 hdo
957 1689 1058 1746 meter
1079 1689 1152 1756 tus;

304 1782 457 1862 Ovesque
479 1789 663 1862 segregatas
686 1780 825 1844 ostendit
845 1779 972 1862 procul.

284 1885 378 1947 .Non
399 1883 483 1948 illam
506 1902 645 1965 quaero,
670 1903 772 1966 quae,
795 1905 891 1967 quum
914 1883 1035 1948 libitum
1057 1895 1123 1962 est,
1148 1887 1303 1972 concipit,

301 1985 384 2050 Dein
408 1996 517 2067 portet
539 2006 620 2049 onus
642 1984 786 2069 ignotum
808 1985 905 2050 eertis
927 1987 1103 2067 mensibus,
1227 1987 1229 1990 ’
1286 1991 1305 2053 5

301 2087 486 2179 Novissime
508 2089 691 2170 prolapsam
715 2089 848 2151 effundit
868 2088 1039 2166 sarcinam3

292 2193 426 2254 'Verum
449 2191 550 2267 illam,
574 2211 655 2274 quae
678 2194 727 2254 uie
748 2192 847 2255 nutrit
869 2195 997 2257 admoto
1020 2195 1128 2256 ubere

302 2295 505 2379 Fraudatque
527 2307 619 2358 natos
641 2295 742 2371 laete,
767 2315 806 2357 ne
830 2292 908 2357 desit
931 2295 1019 2359 nihi.

304 2400 425 2462 Tamen
448 2397 501 2461 illa
523 2409 571 2460 est
591 2397 719 2486 potior,
744 2419 823 2480 quae
845 2409 876 2460 te
898 2399 1035 2480 peperit.
1080 2400 1155 2465 Non
1176 2400 1222 2466 ita
1243 2413 1303 2466 est.

302 2502 395 2566 Unde
417 2501 470 2564 ills
491 2499 602 2578 seivit,
627 2501 719 2585 niger
742 2520 780 2562 an
803 2502 892 2565 albus
914 2501 1086 2566 nascerer?
1266 2506 1304 2567 10

302 2604 376 2688 Age
398 2624 519 2687 porro;
542 2623 654 2684 perere
678 2603 704 2666 si
726 2605 882 2668 voluisset
903 2601 1067 2682 feminam,

357 2806 407 2850 Ρη
436 2805 506 2850 xlv.
543 2801 581 2862 (3)
609 2802 727 2863 delirum]
757 2805 788 2851 N.
812 2819 836 2862 p.
857 2807 884 2851 S.
905 2827 935 2838 -
955 2805 1066 2852 delerem
1083 2807 1113 2852 P.
1129 2808 1159 2852 R.
1205 2807 1247 2868 (d)
1274 2828 1301 2840 -

304 2874 335 2920 Ut
348 2875 487 2920 derisorem
502 2876 587 2933 potius
610 2872 742 2920 ridendum
762 2874 904 2922 ostenderet
921 2875 951 2922 N.
973 2877 1002 2934 (Α
1023 2891 1060 2932 pr.
1079 2890 1150 2922 mano
1168 2875 1216 2924 N.:
1237 2876 1303 2924 deri·

302 2944 432 3002 deudum.)
477 2942 513 3001 (ὅ)
543 2966 572 2977 -
601 2945 685 3003 poitoe
711 2959 765 2990 enm
792 2947 880 2993 lineola
906 2946 937 2992 N.
986 2945 1022 3004 (9)
1048 2967 1078 2980 ·-·
1105 2945 1252 2994 Noeieeeme
1272 2947 1302 2991 N.

303 3015 388 3073 (thid.)
414 3016 491 3061 uictor
512 3012 616 3074 sophus]
638 3016 757 3074 Bongars.
776 3018 800 3062 in
819 3018 921 3072 exempl.
944 3017 1017 3062 Bern.
1061 3017 1140 3062 Etieun
1160 3018 1303 3064 Francisens

302 3087 432 3140 Pithoeus,
460 3090 521 3130 teste
540 3085 629 3130 Zetlio.
649 3086 676 3129 S.
696 3109 729 3120 —
747 3085 824 3130 uictor
850 3084 963 3143 Aesopus
991 3085 1021 3131 P.
1046 3085 1076 3130 n.
1103 3101 1126 3142 p.
1144 3085 1244 3144 (Penne
1262 3086 1303 3131 Pi-

303 3157 388 3202 thoeus
406 3170 459 3202 eum
480 3153 621 3211 asterisco.)
640 3180 673 3189 —
691 3168 748 3201 oero
762 3155 874 3214 Aesopus
893 3156 923 3201 N.
961 3154 1015 3214 (10)
1033 3181 1066 3190 -
1083 3158 1108 3200 ει·
1122 3162 1220 3202 tensum
1239 3171 1302 3202 eem-

300 3241 349 3286 per
367 3226 398 3270 N.
435 3222 492 3284 (11)
512 3251 545 3260 -
563 3225 695 3270 laxaveris
714 3225 744 3271 N.
789 3223 844 3283 (12)
867 3225 942 3271 ludus
961 3252 971 3262 ·
990 3251 1000 3262 ·
1018 3224 1089 3271 dedet
1106 3227 1194 3274 Scheff.
1218 3228 1302 3273 Bos-sn.

304 3298 331 3341 s.
351 3319 384 3330 -
402 3297 474 3340 luens
492 3321 502 3331 ·
521 3321 530 3332 ·
548 3295 619 3340 debet
637 3295 667 3341 N.
688 3295 817 3340 01010.-
835 3297 908 3343 lusus
926 3322 936 3333 -
955 3319 965 3333 ·
983 3293 1072 3340 debent
1088 3295 1117 3341 P.
1143 3297 1173 3341 n.
1194 3310 1218 3352 p.
1240 3296 1302 3343 zeu.

305 3366 396 3412 dnobus
415 3379 468 3410 enm
487 3367 596 3422 dactylis.
634 3361 690 3422 (13)
708 3385 742 3402 -
758 3364 798 3410 Au
815 3379 837 3414 e.
857 3371 884 3410 ut
901 3366 939 3410 es'e
957 3365 1046 3410 metior
1064 3363 1151 3410 redeat
1168 3365 1198 3412 N.

357 3437 417 3482 Fen.
436 3435 514 3502 XV’.
531 3433 569 3491 (1)
593 3433 700 3495 balanti]
726 3435 756 3480 N.
782 3449 806 3492 p.
831 3435 856 3480 S.
877 3459 910 3470 -
935 3436 1041 3480 dollnnte'
1057 3435 1086 3483 P.
1107 3435 1137 3480 R.
1157 3459 1191 3470 -
1206 3432 1305 3494 pelenti

304 3506 405 3553 Prason.
426 3507 501 3550 Setm.
520 3505 598 3550 Bentt.
618 3505 661 3563 (—
681 3504 882 3566 eugentiltmn.)
924 3502 1032 3564 (2)u1‘e]
1059 3505 1089 3550 N.
1115 3508 1145 3550 Α.
1162 3501 1259 3550 Romul.
1280 3503 1304 3548 S.

306 3601 338 3612 -
356 3575 418 3622 hoec
435 3577 470 3634 P.
484 3575 514 3619 R.
534 3589 558 3630 p.
595 3571 636 3634 (5)
653 3574 721 3620 Dein
734 3573 831 3634 portet]
852 3589 874 3632 p.
906 3577 931 3620 S.
952 3595 982 3610 ι-
999 3572 1088 3620 deinde
1110 3581 1198 3633 portat
1221 3575 1253 3620 P.
1275 3573 1302 3618 R.

305 3667 340 3683 υ·-
358 3647 416 3692 dein
427 3642 485 3706 sert
498 3644 529 3690 N.
567 3641 603 3703 (7)
621 3669 654 3679 -
672 3643 804 3689 admodum
822 3641 881 3704 (sie)
895 3645 969 3689 ubere
988 3644 1018 3690 N.
1056 3643 1092 3701 (9)
1110 3669 1143 3679 -
1162 3645 1208 3688 ula
1221 3645 1304 3703 pouer

306 3731 368 3776 quoe
388 3716 488 3776 peperit
510 3715 541 3762 N.
578 3712 635 3773 (10)
656 3733 685 3747 ·-·
705 3721 853 3760 nosceretur
871 3713 902 3759 N.
939 3712 995 3772 (11.
1017 3712 1060 3771 12)
1079 3714 1132 3776 Age
1147 3727 1243 3773 porr03
1262 3727 1304 3772 pe·

307 3801 365 3832 rere
382 3787 406 3831 εἰ
424 3786 542 3831 noluisset
557 3782 699 3845 feminam,
725 3783 791 3846 Quen
807 3781 974 3843 profecisset,
995 3796 1068 3844 prtum
1086 3797 1190 3829 crearer
1208 3795 1303 3827 maseu-

307 3855 377 3916 uss}
396 3858 435 3901 Sie
454 3856 483 3900 N.
520 3857 546 3900 tn
564 3857 594 3901 P.
615 3857 661 3899 duo
679 3853 702 3900 hi
721 3856 833 3900 ves-sicuti
852 3855 1011 3900 rectissimam
1031 3853 1172 3900 sententium
1192 3855 1303 3908 praeben-

308 3931 344 3971 tes
362 3941 389 3971 se
409 3926 520 3971 Phaedro
540 3934 639 3982 prorsus
660 3926 724 3984 digus
745 3925 778 3969 its
797 3925 821 3969 in
840 3937 912 3970 unum
930 3925 1044 3972 cents-esti
1066 3929 1139 3970 sunt:
1159 3921 1214 3984 Age
1230 3933 1304 3982 porro

302 3994 426 4062 fecisset:
446 4010 519 4060 quum
538 4010 641 4042 crearer
658 3997 803 4047 marculus:
820 3998 922 4054 itemque
940 3997 963 4042 in
981 3996 1031 4052 Β..
1051 3995 1097 4040 nisi
1110 3995 1172 4054 quod
1190 3995 1242 4057 hie,
1261 3990 1302 4039 nisi
