2768 4750
204 317 208 321 ·
285 277 346 349 tol

277 427 325 490 Et
347 420 517 486 admiratus
539 419 645 480 serenat
666 414 825 499 ingenium
850 413 932 490 vlri,

241 575 244 586 .
282 529 456 610 Unguento
480 518 655 594 delibutus,
680 516 794 580 vestitu
816 516 934 592 fluens,

284 626 445 692 Veniebat
468 641 580 708 gressu
602 620 739 682 delicato
762 629 792 680 et
812 617 978 700 languido.

284 733 382 796 Hune
402 725 458 789 ubi
480 736 630 804 tyrannus
654 719 732 783 vidit
754 731 897 782 extremo
919 718 1061 802 agmines

287 831 439 912 Quisnam
462 825 606 886 cinaedus
627 821 681 884 ille
702 822 732 884 in
756 833 927 903 conspectu
951 841 1022 883 mco

286 935 394 1001 Audet
416 925 545 991 venire?
568 926 814 1005 Responderunt
836 923 994 1004 proximis

287 1033 351 1103 Hic
373 1043 421 1094 est
439 1030 629 1094 'Menander
644 1026 794 1107 scriptor.
840 1023 983 1088 Mutatus
1006 1023 1128 1098 statim,

287 1135 417 1209 Homo,
441 1129 558 1216 inquit,
581 1127 651 1190 fieri
667 1147 735 1190 ‘nou
758 1138 866 1207 potest
886 1125 1081 1189 formosior.

330 1237 542 1321 [Humanum
563 1251 663 1314 saepe
684 1229 733 1294 sic
754 1228 917 1294 iudicium
927 1226 1109 1324 follitum]

710 1447 805 1506 [nun.
832 1446 881 1506 u]

527 1596 771 1660 VIATORES
794 1597 855 1658 ET
878 1594 1055 1658 LATRO.

331 1739 408 1802 Duo
431 1758 526 1820 qrtum
548 1733 727 1804 incidissent
748 1733 778 1796 in
801 1734 956 1796 latronem
980 1733 1115 1809 milites,

290 1841 381 1907 Unus
404 1837 566 1920 profugit,
591 1836 669 1898 alter
692 1847 792 1897 autem
816 1835 932 1898 restitit

290 1942 336 2008 Et
358 1939 529 2003 vindicavit
550 1957 618 1998 sese
639 1937 719 2000 forti
742 1939 884 2000 dextera.

289 2041 432 2104 Latrone
454 2038 561 2102 occiso
583 2037 708 2104 timidus
732 2039 871 2100 accurrit
892 2057 998 2102 comes

292 2142 492 2228 Stringitque
515 2139 672 2224 gladium,
695 2139 765 2202 dein
787 2139 904 2202 reiecta
925 2141 1077 2221 paenula,

299 2243 409 2320 Cedo,
432 2242 551 2328 iuquit,
573 2242 683 2316 illum;
704 2242 764 2304 iam
788 2243 908 2305 curabo
930 2243 1060 2320 sentiat,

294 2346 384 2428 Quos
406 2345 577 2408 attentarit.
622 2347 733 2418 Tttnc,
759 2343 814 2425 qui
837 2346 1097 2426 depugnaverat:
1129 2375 1132 2382 ·

296 2448 422 2516 Vellem
444 2446 511 2517 istis
529 2447 639 2512 verbis
662 2445 770 2510 saltem
794 2444 966 2511 adiuvisses
989 2449 1103 2521 mod03
1162 2475 1165 2480 ·

293 2669 385 2712 Verum
400 2667 508 2716 videtur:
527 2674 565 2710 eto
583 2664 655 2722 'l'rito
674 2662 808 2723 Myronem
823 2669 941 2723 argento,
961 2662 1061 2712 tabulae
1085 2662 1235 2710 Zeuxidem.
1259 2691 1294 2705 ..-

295 2735 368 2780 Trito
385 2733 519 2794 Myronem
539 2739 661 2792 argentm·
690 2732 797 2776 Fabulae
818 2733 957 2780 exarsdiant
977 2734 1060 2778 Burin.
1075 2735 1101 2778 S.
1122 2746 1161 2782 oso
1178 2733 1254 2780 Trito
1275 2741 1299 2780 et

294 2802 428 2863 Myronem
453 2801 500 2859 (sic
525 2803 573 2845 iaru
599 2801 728 2860 Bougare.)
753 2799 850 2848 tabulae
875 2807 899 2845 el
925 2801 1063 2846 Zeuxidem
1085 2803 1187 2850 nestun
1208 2805 1296 2862 Zell.;

295 2873 337 2918 sed
356 2874 441 2928 duplex
458 2872 503 2915 hoc
520 2876 545 2921 et
563 2873 688 2915 molestum
709 2875 754 2914 est.
774 2889 807 2900 -
824 2869 985 2925 Praxitelen,
1012 2868 1111 2927 Scopan
1127 2872 1202 2927 Aeri,
1230 2871 1297 2932 My.

295 2951 380 2986 rossem
401 2946 523 2999 argento,
555 2939 652 2982 tabulae
680 2939 818 2988 Zeuxidem
840 2941 936 2993 Beutl.,
968 2940 1005 2984 cui
1026 2939 1125 2984 debc'tur
1142 2941 1298 3003 ingeniosum

295 3011 369 3055 illud:
394 3009 493 3058 tabulas
521 3008 672 3057 Zeuxidem,
718 3007 757 3061 (8)
784 3009 823 3052 Sic
852 3007 882 3052 N.
903 3007 974 3063 (Cod.
996 3009 1090 3068 Perott.
1116 3010 1137 3054 1.
1157 3025 1180 3065 p.
1201 3008 1225 3058 2.
1245 3012 1297 3056 nisi

296 3080 359 3137 quod
376 3079 414 3122 hie
433 3078 518 3123 hahet:
538 3097 571 3110 -
582 3074 713 3136 fugatae.)
734 3078 812 3123 Bentl.
833 3101 866 3118 -.-
883 3075 992 3127 Fabulae
1009 3077 1148 3122 exaudiant
1165 3078 1225 3122 adeo
1242 3077 1296 3138 fa.

294 3139 380 3209 gatae.
416 3145 476 3190 Plus
494 3146 677 3204 vetustisjacet
692 3147 721 3191 Ρ.
741 3147 770 3192 R.
791 3169 824 3178 -—
841 3145 949 3190 Fabulae
972 3146 1112 3192 exaudiant
1128 3147 1196 3192 Adeo
1208 3144 1297 3207 fuga-

295 3223 345 3262 tae.
381 3214 442 3260 Plus
464 3215 567 3265 eetustis
592 3229 651 3259 uam
671 3212 742 3274 fauet
762 3229 786 3270 p.
810 3215 835 3258 S.
858 3237 885 3248 -
907 3214 1004 3259 tabulae
1023 3221 1046 3260 et
1073 3215 1210 3262 Zeuxidem
1231 3215 1298 3261 Ideo

288 3281 431 3348 fuscatae,
456 3285 514 3341 plus
538 3285 640 3328 vetustis
659 3298 718 3328 uam
736 3281 808 3342 sanet
825 3285 926 3329 Desbill.
946 3285 1008 3332 Zell.
1051 3283 1106 3344 (tu)
1125 3310 1157 3324 -
1176 3288 1296 3344 exemplo

295 3354 327 3398 R.
346 3357 406 3398 teste
424 3353 512 3399 (tuuis.
533 3351 614 3410 (Viuo.
634 3367 681 3398 non
699 3350 788 3410 notat.)

347 3423 407 3468 Fue.
428 3422 448 3465 l.
494 3419 532 3479 (3)
551 3421 613 3482 ruit]
631 3424 659 3470 P.
685 3423 714 3466 R.
735 3422 765 3466 N.
788 3423 867 3468 Bentl.
885 3427 1017 3470 wruuul
1033 3438 1057 3479 p.
1074 3425 1100 3468 S.
1138 3421 1174 3478 tt)
1192 3423 1296 3468 succla-

297 3489 376 3550 mant]
395 3491 423 3537 P.
445 3505 458 3536 a
476 3503 513 3546 pr.
536 3505 569 3536 m.
589 3491 619 3542 R.
640 3492 670 3536 N.
691 3493 717 3536 S.
738 3501 769 3540 ·,.·.·.
790 3491 946 3536 subclamant
961 3491 991 3536 P.
1011 3506 1025 3536 a
1045 3506 1093 3537 sec.
1108 3507 1187 3537 manu.
1214 3506 1237 3546 p.
1259 3517 1296 3530 —

297 3561 457 3611 succlamant
471 3561 554 3612 Burm.
574 3581 603 3595 -
621 3560 761 3610 subclamat
777 3561 853 3605 uenu.
873 3559 918 3619 (—
932 3561 1060 3619 principis
1079 3563 1108 3606 R.
1122 3562 1150 3606 P.
1168 3575 1231 3616 apr.
1245 3561 1295 3616 ιιι.)

298 3626 336 3683 (6)
353 3629 475 3672 -laciti
490 3629 520 3674 N.
558 3626 596 3686 (8)
614 3627 656 3688 ue]
674 3643 698 3685 p.
718 3631 743 3672 S.
764 3653 796 3662 —
814 3631 841 3674 ui
859 3631 889 3675 R.
914 3632 942 3675 Ρ.
967 3634 1026 3674 teste
1041 3631 1185 3690 Bongarsio.
1206 3652 1236 3662 —
1254 3633 1297 3676 nil

296 3697 406 3742 P..testn
421 3699 493 3757 serg.
510 3699 565 3744 ‘Non
592 3693 673 3744 credo.
718 3698 801 3758 (ibid.)
819 3697 917 3762 repssul]
940 3698 970 3742 N.
992 3699 1108 3744 lllttensh.
1126 3701 1150 3744 S.
1171 3723 1204 3735 -
1222 3714 1293 3757 repe.

297 3771 352 3810 tunt
367 3767 396 3811 Ρ.
416 3767 445 3814 R.
470 3759 536 3823 tlt)
555 3791 587 3808 ·.-
606 3770 714 3820 miratus
732 3767 762 3812 P.
782 3783 795 3816 ,a
814 3781 851 3824 pn.
875 3783 954 3813 manu.
998 3767 1053 3827 (12)
1073 3794 1105 3802 —
1122 3769 1242 3814 dilibutas
1259 3770 1292 3815 P.

297 3827 387 3896 (ibid.)
411 3835 507 3899 fluens]
532 3837 562 3882 N.
587 3832 684 3882 firmatis
703 3838 794 3882 Heinsii
816 3839 878 3882 coni.
899 3838 961 3882 Lall.
981 3857 1021 3873 -·
1032 3835 1140 3899 affluens
1157 3840 1187 3883 R.
1211 3840 1236 3884 S.
1257 3850 1291 3882 =

297 3902 411 3965 adfluens
434 3919 458 3960 u.
478 3905 631 3968 'wssflueus
656 3908 686 3958 Ρ,
724 3908 779 3959 Sed'
793 3908 881 3956 uestitu
903 3903 1010 3973 affluens
1035 3913 1070 3959 est
1092 3911 1131 3966 qui
1152 3911 1215 3955 donni
1236 3923 1294 3954 suae
