2768 4750
178 295 185 306 ’
260 333 322 398 ror

259 475 385 539 intorte
407 473 523 539 Pistris
543 478 662 550 eandm
686 473 807 540 veioeie
829 496 921 540 curre
1092 461 1094 464 ⁵
1200 478 1265 542 090

263 575 433 662 Contingit
453 577 614 660 Leporis,
639 574 735 642 Canis
757 579 861 641 eleum
882 581 1009 642 desecat
1030 577 1144 654 imamr

260 679 399 746 Desecat
419 691 450 744 et
470 699 582 744 sacrae
602 678 747 761 speciosa
768 680 920 762 aplustria
943 678 1059 762 puppis

262 781 478 868 Centaurique
501 784 650 846 humeros
674 793 706 846 et
728 782 886 865 Scorpion
909 781 1018 846 ultima
1040 783 1139 844 nando

262 885 391 968 Spicula
413 896 632 968 torquentem
655 907 786 969 magnus
810 886 901 948 inient
924 906 1016 948 arnus
1037 885 1070 948 in
1090 884 1162 948 iilo.

260 989 339 1051 lude
361 990 485 1052 Austro
508 987 643 1069 propior
665 988 722 1052 Sol
744 1000 791 1051 est
812 987 976 1072 Aquilone
997 987 1111 1052 relicto
1199 984 1266 1050 095

262 1091 306 1152 Et
327 1091 446 1174 gelidas
467 1088 585 1154 hiemes
606 1091 756 1155 hehetnto
778 1090 894 1154 lumine
917 1101 1039 1174 portat.

261 1192 365 1256 Huius
386 1202 452 1256 tres
474 1191 563 1257 eaelo
585 1202 692 1274 partes
714 1213 883 1276 assurgere
906 1211 1033 1268 cernes,

263 1295 413 1380 Quinque
435 1296 531 1358 latent
553 1294 644 1359 undis
666 1306 698 1358 et
718 1295 815 1378 longa
837 1293 868 1356 in
890 1306 986 1358 noete
1007 1294 1167 1360 feruntur.

303 1400 375 1464 Hos
396 1397 481 1461 inter
502 1397 620 1460 medius
643 1397 730 1460 nullu
752 1394 855 1461 minor
878 1396 967 1461 orbis
990 1408 1122 1482 agetur,

259 1502 299 1564 ln
322 1522 387 1585 quo
410 1522 504 1583 quurn
526 1501 680 1566 Phoebus
701 1499 841 1562 radiatos
864 1499 977 1564 extulit
998 1500 1107 1584 ignes,
1196 1499 1265 1564 500

259 1602 383 1667 Dividit
405 1602 529 1686 aequali
548 1601 652 1684 spatio
674 1612 864 1686 noctemque
888 1601 1044 1688 diemque.

259 1705 318 1772 Bis
336 1706 422 1769 redit
443 1707 521 1768 haee
542 1705 659 1779 iacies,
683 1704 799 1768 librato
821 1703 943 1780 sidere,
970 1707 1103 1782 mundo,

261 1808 366 1887 Quum
389 1830 448 1871 ver
469 1809 637 1872 fecundum
658 1805 783 1889 surgit,
808 1827 903 1888 quum
926 1806 1031 1872 deficit
1053 1819 1173 1884 aestum

258 1911 356 1996 Signa
378 1909 474 1974 Aries
498 1911 685 1994 Taurusque
707 1929 810 1993 aequo
831 1920 1005 1994 tanguntur
1026 1911 1066 1973 ab
1089 1912 1187 1988 orbe;

259 2015 323 2077 Sed
343 2012 492 2096 princeps
515 2011 610 2083 Aries
632 2022 718 2084 totus
740 2009 877 2095 fulgebit
896 2009 928 2074 in
950 2011 1025 2088 illo,
1194 2013 1262 2078 505

259 2115 360 2180 Tenui
382 2137 501 2180 armum
525 2113 609 2179 subit
632 2126 663 2177 et
683 2114 760 2178 flexi
782 2116 845 2177 duo
867 2112 972 2178 sidera
992 2114 1106 2179 cruris.

256 2336 310 2396 gsb.
338 2355 368 2374 -
393 2337 473 2394 prieti
498 2335 528 2381 A.
565 2332 641 2392 (401)
665 2331 792 2396 Contingit
808 2333 931 2393 Leporie‚·
960 2332 1037 2382 Canii
1055 2327 1137 2381 ulrum
1155 2334 1264 2382 deerrat

256 2403 344 2466 imum]
358 2407 397 2451 Sic
408 2406 449 2460 A.‚
468 2407 514 2450 nisi
526 2406 603 2463 quod:
613 2427 642 2437 -
657 2406 764 2466 contigit
774 2410 798 2450 et
809 2404 901 2450 ultrum.
916 2429 949 2440 -
962 2402 1071 2466 Contigit
1088 2405 1134 2465 (α-
1152 2404 1266 2469 configit

256 2476 294 2536 g.)
311 2475 432 2536 Leporis⁸
451 2472 542 2519 Canem
562 2475 613 2519 ium
632 2473 733 2518 denerat
748 2475 826 2518 imum
845 2475 892 2533 Gg.
915 2497 939 2508 -
964 2471 1078 2536 Contegit
1094 2475 1152 2532 (sir)
1168 2481 1192 2520 et
1209 2475 1263 2520 Le·

252 2546 340 2603 perir,
372 2541 463 2590 Cenem
487 2545 539 2588 ium
556 2543 657 2590 deceret
674 2545 751 2588 imum
768 2544 800 2588 0.
819 2567 852 2578 -
871 2541 1009 2605 Contigerit
1024 2545 1145 2603 teperti,
1165 2542 1263 2590 Cenem

256 2616 309 2658 inm
331 2614 434 2660 deseret
458 2615 535 2659 imum
562 2615 591 2659 0.
618 2637 651 2648 -
669 2611 798 2674 Contingit
814 2610 891 2658 Canio
909 2619 932 2658 et
949 2614 1069 2672 Leporem
1086 2615 1139 2658 iam
1156 2614 1264 2660 deserat

196 2697 202 2710 ·
254 2684 332 2728 imum
359 2685 386 2730 de
413 2696 438 2742 g.
461 2685 523 2728 roni.
547 2683 571 2729 b.
592 2707 625 2718 -
643 2681 770 2744 Contingit
785 2681 909 2741 Leporir,
946 2679 1023 2728 Genio
1047 2689 1071 2730 et
1088 2685 1139 2728 ium
1156 2683 1264 2730 deret-m

254 2753 333 2798 imum
351 2766 372 2796 e.
391 2754 454 2798 toni.
491 2747 568 2813 (492)
595 2767 686 2797 enrrue
705 2753 819 2810 epeeioea
837 2753 974 2812 oplurtrr'u]
993 2753 1044 2798 Au.
1069 2754 1105 2808 (ut
1124 2755 1265 2800 emendavit

254 2821 292 2882 g.)
311 2823 347 2871 eb.
368 2840 403 2855 -
421 2834 498 2866 encre
524 2823 653 2881 eperioeue
676 2822 787 2880 plustrio
804 2821 872 2881 neg.
921 2819 996 2882 (4⁹³)
1018 2841 1053 2860 ι-
1077 2823 1209 2882 Scorpium
1230 2823 1261 2870 b.

254 2887 331 2951 (494)
348 2891 426 2936 micat
454 2905 531 2935 ureue
558 2891 585 2935 in
615 2889 670 2949 iilo]
688 2892 718 2935 A.
742 2890 852 2948 (firrnens
877 2893 940 2936 noui.
963 2890 1003 2952 g.)
1021 2892 1058 2937 sb.
1078 2910 1114 2927 -
1131 2893 1208 2936 micat
1229 2893 1263 2938 ire

252 2961 298 3005 itte
316 2973 364 3005 om.
386 2974 440 3005 roe.
463 2965 620 3007 controverso
635 2961 665 3005 1³..
687 2983 717 2992 -
736 2962 814 3005 micet
830 2960 900 3006 ordio
918 2962 945 3007 in
961 2963 1007 3007 illo
1025 2962 1094 3020 neg.
1132 2960 1204 3019 (495)
1222 2986 1261 2998 —·

249 3031 372 3090 proprior
389 3031 419 3076 A.
456 3025 535 3088 (405)
555 3051 584 3063 -·
603 3029 685 3088 Aiemp
703 3024 765 3090 (eie)
784 3031 814 3076 A.
857 3027 931 3088 (497)
951 3053 980 3064 -
999 3029 1082 3076 Huius
1100 3046 1178 3090 praee
1195 3030 1262 3089 (sie)

253 3101 286 3144 A.
307 3109 339 3144 =
359 3098 500 3160 udeurgere
516 3100 588 3144 AEB.
607 3100 657 3153 (hie
678 3114 692 3144 r
718 3114 755 3155 pr.
777 3100 825 3154 ru.)
844 3113 868 3159 g.
893 3121 919 3133 -
940 3102 1026 3146 cernit
1044 3103 1073 3144 A.
1094 3103 1150 3156 (uon
1167 3099 1259 3159 000.)

253 3167 327 3225 (498)
344 3169 422 3229 longa
435 3170 462 3214 in
476 3168 556 3229 noete]
574 3170 604 3214 A.
624 3191 659 3206 -
675 3170 753 3230 longa
770 3175 841 3214 nocte
858 3169 978 3228 neeges.
1015 3168 1088 3226 (400)
1109 3195 1143 3205 -
1160 3170 1258 3216 medios

252 3240 283 3283 A.
312 3237 370 3296 (nou
396 3233 484 3300 BEG.)
529 3237 616 3295 (ibid.)
645 3237 746 3298 agetur]
779 3239 830 3284 BE.
861 3263 895 3274 ·-
921 3238 990 3284 ordio
1008 3234 1120 3300 (resurr)
1146 3247 1259 3301 agentur·

253 3308 312 3366 (sie)
329 3307 359 3353 A.
378 3329 417 3343 -
433 3306 537 3354 nubetur
556 3302 597 3354 Gi*
615 3308 669 3368 gsb.
706 3304 784 3369 (500)
803 3329 833 3342 -
851 3308 882 3354 In
900 3319 1050 3368 quorumque
1062 3308 1108 3354 Pir.
1127 3310 1158 3355 0.
1176 3313 1257 3355 sotus.

252 3375 343 3434 (ibid.)
372 3377 497 3437 radiatur]
515 3379 610 3438 unger.
632 3401 664 3412 --
685 3393 699 3422 r
715 3377 799 3424 dator
816 3378 872 3434 (eie)
890 3377 921 3422 G.
942 3399 975 3415 «-
993 3378 1081 3422 radio«
1098 3381 1128 3424 A.
1166 3372 1256 3437 (inid.)

252 3445 354 3506 extulit]
383 3447 503 3506 stegen.
532 3467 566 3482 -
592 3448 676 3492 intulit
703 3447 734 3492 A.
777 3445 849 3505 (502)
872 3446 964 3492 tibrnto
983 3447 1082 3501 ridere,
1110 3447 1214 3508 mundo}
1231 3463 1254 3494 e.

215 3559 225 3570 ,
253 3517 317 3562 roni.
337 3541 370 3554 -·
387 3517 479 3561 librato
495 3517 579 3562 ridere
600 3515 687 3562 mundi
708 3517 814 3575 BEng.
835 3541 868 3552 -
886 3516 963 3561 libato
982 3516 1069 3562 ridere
1093 3518 1148 3574 (sir)
1167 3517 1258 3564 inundo·

251 3586 283 3631 A.
303 3605 337 3620 -·
354 3586 446 3633 librato
464 3587 575 3645 pondere
592 3585 681 3632 mundi
697 3601 722 3647 g.
746 3600 811 3643 susp.
850 3582 922 3644 (505)
941 3609 973 3620 -
992 3601 1047 3632 uere
1065 3587 1095 3631 A.
1116 3607 1150 3622 ι·-
1160 3585 1256 3646 serun-

150 3688 156 3693 -
251 3654 300 3700 due
318 3655 347 3701 B.
385 3652 456 3712 (504)
482 3677 511 3688 -
539 3663 628 3701 tuurue
656 3669 719 3715 quae
748 3670 794 3715 quo
819 3657 848 3700 A.
892 3653 978 3713 (ibid.)
996 3655 1065 3714 orbe]
1084 3658 1201 3716 ABGgsir.
1220 3680 1256 3694 -·

250 3737 295 3768 ore
312 3724 342 3770 Ε.
379 3723 453 3783 (505)
471 3731 535 3771 totue
546 3723 661 3786 fulgebit
678 3724 709 3770 ut
721 3725 776 3785 illo]
794 3728 844 3780 A.‚
871 3726 912 3770 sed
929 3739 943 3768 e
960 3739 997 3781 pr.
1020 3740 1105 3772 manre:
1128 3748 1157 3760 -
1178 3733 1251 3774 totoe.

252 3817 286 3830 -
303 3800 352 3839 totu
368 3792 484 3856 fulgebit
500 3797 527 3840 in
552 3795 611 3842 orbe
639 3795 757 3856 stegen.
803 3793 873 3851 (506)
902 3815 931 3828 --
957 3795 1035 3841 erudiit
1051 3797 1081 3840 A.
1118 3794 1189 3852 (507)
1207 3796 1248 3856 Ar]

250 3863 303 3922 gsb.
324 3885 356 3900 ·-
374 3864 414 3910 Ad
429 3865 524 3912 ABEG.
573 3863 643 3922 (508)
662 3864 749 3926 Hydri·
768 3871 792 3910 et
809 3861 950 3923 Gruterum]
969 3865 1074 3924 BEng.
1094 3867 1147 3922 (sed
1172 3867 1197 3911 b.
1219 3891 1252 3902 -
1328 3909 1329 3914 ,

250 3935 395 3988 craterem.)
415 3957 447 3970 -
465 3933 551 3995 Hydri
570 3944 594 3984 et
618 3933 722 3982 uetera
742 3936 772 3980 A.
793 3953 826 3966 -·
843 3932 946 3992 Hydree
972 3935 1006 3980 nd
1033 3933 1138 3980 Gruteru
1166 3941 1251 3982 eoutre

250 4008 352 4049 rnetrurn
371 4005 396 4050 in
414 4019 437 4050 v.
457 4006 533 4052 leuem
552 4020 572 4054 s.
592 4007 655 4056 roni.
700 4003 787 4062 (thiu.)
798 3999 922 4064 serentis]
940 4005 971 4049 A.
994 4005 1085 4052 scilieet
1108 4002 1248 4052 Gruterum.
