2788 4772
535 1133 1082 1213 LIBERSECUNDUS.¹

714 1483 880 1528 AUCTOR.

341 1633 508 1716 Exemplis
530 1633 714 1698 continetur
736 1631 861 1712 Aesopi
885 1651 1007 1714 gerurs;

302 1742 373 1804 Nec
394 1739 479 1802 aliud
500 1738 669 1821 quicquam
692 1757 752 1816 per
773 1735 906 1796 fabellas
931 1733 1111 1815 quaeritur,

302 1845 404 1924 Quam
430 1839 613 1923 corrigatur
636 1859 731 1900 error
752 1848 788 1898 ut
811 1835 987 1898 mortalium
1047 1845 1049 1848 ’

300 1947 467 2026 Acuatque
490 1963 559 2004 sese
582 1940 716 2024 diligens
739 1937 906 2001 industria.

299 2046 488 2130 Quicunque
510 2043 607 2108 fuerit
629 2063 712 2126 ergo
735 2041 882 2103 narrandi
906 2039 1014 2115 iocus;
1171 2073 1173 2080 ι
1287 2043 1305 2106 5

299 2133 384 2214 Dum
408 2147 513 2231 capiat
535 2167 641 2208 aurem
665 2157 696 2207 et
718 2155 824 2206 servet
846 2143 1048 2224 propositum
1070 2165 1182 2218 suum,

302 2253 353 2316 Re
375 2252 631 2323 commendatur,
655 2268 718 2309 non
743 2243 883 2308 auctoris
905 2244 1043 2308 nomine.

302 2353 457 2437 Equidem
481 2350 567 2415 omni
589 2370 664 2413 cura
688 2369 807 2412 morem
831 2350 968 2412 servabo
990 2348 1093 2423 seuis;

301 2458 366 2520 Sed
385 2455 413 2519 ai
435 2454 563 2517 libuerit
584 2451 702 2537 aliquid
723 2450 948 2532 interponere,

300 2559 468 2624 Dictorum
491 2577 602 2619 senem
627 2568 660 2617 ut
681 2555 818 2618 delectet
840 2553 996 2629 varietas,

266 2649 267 2655 ἵ
302 2662 410 2724 Bonas
433 2660 462 2722 iu
486 2671 616 2742 partes,
640 2657 761 2732 lector,
788 2655 922 2738 accipias
946 2655 1054 2718 velim.

300 2763 383 2839 †Ita
405 2760 451 2825 sic
472 2762 627 2842 rependet
647 2758 695 2821 illi
718 2759 859 2822 brevitas
882 2757 1035 2840 gratiam:

301 2862 563 2930 Cuiueverboea
585 2883 623 2924 nc
645 2861 684 2924 eit
707 2859 959 2940 commendatio,

510 3115 621 3164 Phaedri
637 3115 748 3179 Augueti
764 3117 850 3162 liberti
866 3117 931 3162 iiber
947 3116 1083 3164 secundae.

350 3189 462 3234 Protoo.
498 3186 536 3246 (5)
554 3187 680 3233 narrandi
702 3185 783 3246 iocur]
809 3187 941 3241 „Pithoeus
968 3191 1060 3247 legeret
1082 3188 1223 3249 (ediditque)
1239 3203 1303 3236 ner-

298 3257 374 3304 rendi
391 3259 479 3311 torum
506 3255 549 3302 iud
567 3258 699 3304 arbitratu:
720 3271 774 3302 nem
793 3259 850 3301 item
869 3262 962 3312 poteret
985 3259 1066 3316 legere
1082 3259 1169 3308 stoeur.
1205 3259 1303 3305 Etenim

298 3330 319 3374 ei
337 3329 361 3372 in
387 3329 448 3374 Cod.
474 3327 543 3371 Rem.
577 3329 587 3370 i
617 3341 688 3382 saepe
712 3332 827 3370 mutatum
851 3332 887 3370 est
906 3329 928 3370 in
950 3328 973 3381 l,
999 3329 1022 3370 in
1041 3333 1125 3371 nostro
1151 3330 1214 3374 inter
1241 3331 1303 3374 duae

296 3399 350 3444 utar
379 3399 469 3442 tutem
497 3398 594 3440 omnino
621 3398 712 3441 uultum
737 3408 773 3440 ea:
798 3397 925 3440 discrimen
952 3399 976 3440 tn
1004 3398 1080 3451 capite
1103 3404 1167 3443 certe
1192 3402 1305 3444 rorum-¹·

297 3467 374 3512 Brun.
400 3463 526 3510 narrandi
548 3467 619 3510 ioeue
639 3467 656 3510 i.
677 3480 701 3510 e.
726 3457 887 3519 narrationir',
919 3467 942 3510 in
967 3467 1097 3512 narrando.
1119 3489 1148 3498 -
1168 3469 1304 3514 narrentie

296 3539 367 3582 iectu
390 3535 479 3580 Gracr.
505 3536 532 3579 S.
559 3556 589 3568 -
615 3535 733 3579 narranti
757 3537 827 3580 iectu
853 3535 915 3580 Gud.
936 3536 1020 3578 Burm.
1068 3533 1106 3594 (8)
1125 3536 1229 3581 Errorea
1248 3539 1300 3584 Me.

297 3605 366 3652 Rem.
384 3620 398 3651 e
421 3605 499 3650 Gudio
526 3605 652 3649 memorati
672 3618 735 3648 cura
753 3617 822 3648 more
843 3609 871 3656 ¹ot
891 3604 992 3647 nituerit
1009 3617 1053 3658 pro
1075 3607 1100 3649 ei
1116 3606 1219 3650 libuerit
1242 3607 1307 3653 haud

297 3677 435 3721 referuntur
453 3688 467 3719 a
484 3675 555 3734 Vino.
575 3680 598 3720 et
616 3675 689 3733 Berg.
736 3671 774 3732 (9)
793 3669 961 3731 interponere]
981 3687 1005 3728 p.
1027 3675 1053 3723 S.
1074 3696 1103 3706 -
1122 3676 1251 3733 interpone
1272 3677 1305 3721 Ρ.

297 3743 354 3802 (11)
372 3740 497 3803 recipire]
514 3743 544 3788 Ρ.
572 3757 597 3799 p.
618 3745 644 3791 S.
664 3751 703 3789 oo
720 3743 830 3800 accipiet
849 3743 928 3786 Bentt.
950 3742 1013 3786 zen.
1062 3741 1306 3801 (12)Siccorrnptc

296 3814 327 3858 P.
347 3814 377 3859 n.
396 3829 420 3870 p.
441 3815 488 3869 (hic
512 3827 565 3857 cnm
584 3809 836 3870 asterisco.)„i'e1ao'
855 3812 976 3856 contendit
1002 3812 1093 3857 Gudiue
1116 3813 1139 3857 in
1166 3813 1211 3859 Cd.
1234 3815 1301 3860 Pith.

298 3896 352 3928 erae
370 3882 510 3941 rependit.''
529 3883 606 3926 Baro.
642 3882 706 3927 Dicit
730 3881 809 3927 Gud.:
830 3883 889 3935 '„iu
911 3881 960 3926 Ma.
979 3881 1048 3927 item.
1068 3887 1091 3926 et
1110 3882 1194 3928 rtur
1228 3883 1305 3942 Equi-

299 3953 353 3996 dem
373 3957 428 4007 puto
446 3953 535 3998 tuisse:
563 3949 648 3997 Bonae
666 3951 693 3995 in
712 3957 800 4008 parter
823 3951 901 3995 lector
929 3951 1148 4009 occipiutrelim:
1174 3952 1213 3997 Ito
1233 3951 1299 3997 donc

301 4020 418 4078 rependet
432 4021 472 4066 iiii
490 4021 598 4092 brepitue
612 4021 741 4082 graiium
762 4024 778 4066 i.
794 4035 815 4065 e.
834 4025 882 4065 tum
897 4019 962 4065 Itone
974 4019 1101 4079 gretiam,
1120 4021 1299 4082 benignitatem,
