2788 4772
310 317 351 379 60

312 459 408 540 Quod
432 454 596 536 occupatis
619 454 749 518 auribus
772 475 837 519 non
859 458 1051 520 eonvenit.'

234 552 238 560 ’
309 563 464 624 Fortasse
486 560 590 621 dices:
616 558 755 641 Aliquae
777 557 904 621 venient
924 559 1041 634 feriae,

311 664 409 742 Quae‘
424 685 473 724 mo
495 663 603 724 soluto
625 673 757 744 pectore
780 664 819 724 ad
840 662 975 724 studium
998 675 1141 727 vocent„

308 768 477 848 Legem,
503 786 640 848 quaeso,
664 763 772 846 potius
795 763 874 826 viles
898 766 1040 842 naenias,

235 906 238 914 »
309 869 477 950 Impendas
499 889 606 930 curam
629 889 721 950 quam
743 870 791 930 rei
814 867 1025 945 domesticae,

287 1022 291 1033 .
310 973 438 1035 Reddas
461 969 569 1033 amicis
592 981 758 1052 tempora,
782 968 880 1048 atxori
902 991 1014 1047 vaces,

308 1074 459 1137 Animum
481 1075 625 1147 relaxes,
650 1071 747 1136 otium
770 1075 824 1134 des
846 1073 999 1155 corpori,

309 1179 355 1242 Ut
376 1179 537 1248 adsuetam
559 1174 674 1240 fortius
696 1185 839 1255 praestes
862 1174 987 1238 vicem?

248 1272 273 1292 '¹
308 1282 499 1346 Mutandum
520 1278 578 1342 tibi
600 1277 801 1359 propositum
823 1287 927 1341 estet
948 1278 1033 1343 vitae
1056 1300 1176 1365 genus,
1277 1283 1313 1346 15

308 1386 435 1448 Intrare
457 1383 484 1446 si
506 1383 675 1445 Musarum
696 1379 790 1444 limen
813 1380 950 1464 cogitas.

209 1551 217 1562 ,
308 1489 403 1571 Ego,
430 1507 522 1569 quem
547 1483 657 1548 Pierio
681 1494 781 1548 mater
805 1483 897 1547 enixa
918 1495 967 1547 est
987 1485 1085 1571 iugo,

301 1590 345 1655 ‘ln
368 1611 434 1673 qrro
457 1577 579 1652 tonanti
602 1597 710 1651 sancta
732 1587 948 1668 Mnemosyne
970 1588 1046 1652 Iovi

308 1695 457 1758 Fecunda
478 1692 590 1757 novies
614 1692 727 1754 artium
748 1689 875 1771 peperit
897 1674 1048 1766 chorum3
1141 1703 1144 1716 '

309 1796 463 1876 Quamvis
486 1796 518 1858 in
539 1796 609 1881 ipsa
630 1815 713 1876 pene
734 1802 827 1856 natus
850 1791 909 1855 siin
929 1795 1043 1858 schola

308 1899 491 1981 Curamque
513 1897 648 1960 habendi
669 1886 794 1978 penitus
816 1889 914 1960 corde
937 1897 1089 1962 eraserim

308 2005 352 2067 Et
373 2003 466 2065 laude
487 2001 604 2065 invicta
627 2000 725 2063 vitam
746 2001 778 2063 in
800 2002 881 2062 hanc
902 1999 1119 2078 incubuerim,

308 2105 485 2170 Fastidiose
507 2103 665 2167 tamenin
689 2106 815 2168 coetum
838 2101 993 2199 recipior.

305 2210 393 2290 Uuid
415 2205 584 2271 credis'illi
607 2207 765 2283 accidere,
780 2205 846 2290 qui
870 2195 999 2289 magnas
1022 2230 1100 2292 opes
1130 2235 1154 2268 .·

307 2313 519 2396 Exaggerare
542 2310 666 2394 quaerit
688 2308 774 2373 omni
795 2307 926 2393 vigilia,
1249 2341 1250 2344 ¹
1273 2316 1310 2380 25

306 2417 417 2481 Docto
440 2414 544 2477 labori
566 2414 657 2484 dolce
679 2393 1054 2500 piaeponcns'luernm?

307 2521 371 2583 Sed
392 2519 453 2581 iam
477 2520 689 2599 quodcunque
710 2515 824 2582 feeerit.
849 2526 884 2576 ut
906 2516 986 2579 dixit
1008 2516 1135 2594 Sinon.
1233 2526 1236 2534 '

307 2622 362 2686 Ad
383 2641 493 2706 regem
517 2641 615 2704 quum
636 2617 817 2689 Dardaniae
838 2622 1020 2701 perdoctus·
1033 2619 1139 2696 soret,

305 2858 446 2905 faueant
462 2861 540 2904 Bane.
564 2859 694 2916 Utrumque
716 2863 808 2904 rectum
825 2863 870 2903 est.
908 2859 961 2905 Cfr.
982 2860 1112 2907 Frontonis
1131 2860 1195 2921 Opp.
1215 2877 1240 2920 p.
1266 2863 1307 2908 22.

304 2931 351 2975 Ed.
372 2929 464 2975 Rom:
485 2953 518 2963 -
536 2929 562 2974 εἰ
581 2930 636 2988 quis
661 2929 708 2973 tm
734 2941 823 2972 resero
840 2929 989 2976 PHAEDER
999 2927 1056 2990 suit
1073 2936 1119 2976 cet.
1157 2930 1193 2988 (1)
1211 2931 1308 2994 inquis]

304 3014 329 3056 p.
350 3001 375 3044 S.
393 3023 426 3034 —-
444 2999 525 3058 inquit
545 2999 575 3042 P.
595 3000 625 3043 R.
644 2999 728 3042 Burin.
748 2998 811 3042 Zeu.
848 3000 939 3044 Verum
955 3014 1002 3045 oon
1023 3007 1060 3045 est
1079 2999 1128 3046 ficti
1146 3003 1249 3048 alicuius
1268 3005 1307 3048 ad·

304 3070 425 3124 versarii,
445 3070 486 3113 sed
507 3068 607 3123 Entvehi
628 3068 704 3124 ipsios
726 3078 817 3111 sermo.
862 3065 900 3126 (5)
919 3069 996 3132 officii
1014 3067 1073 3126 med]
1091 3070 1123 3114 P.
1142 3085 1164 3125 p.
1187 3073 1251 3117 zen.
1270 3079 1308 3120 oo

304 3137 396 3202 efficite
415 3140 479 3182 meta
500 3139 583 3182 Heius.
610 3139 635 3182 S.
678 3134 715 3193 (6)
734 3161 767 3174 -·
785 3139 867 3198 tangit
884 3139 922 3183 oia
939 3153 964 3198 g.
1008 3137 1045 3194 (9)
1064 3137 1155 3200 soluto]
1174 3142 1204 3186 R.
1224 3156 1238 3186 a
1257 3156 1306 3187 see.

304 3221 338 3252 m.
361 3222 384 3264 p.
403 3210 430 3254 S.
450 3230 482 3242 -
501 3207 575 3252 solito
597 3207 627 3252 R.
648 3221 662 3250 a
682 3221 719 3264 pr.
738 3221 818 3252 mann.
833 3208 863 3252 P.
906 3207 960 3265 (10)
985 3207 1101 3268 naenias]
1119 3223 1143 3265 p.
1163 3233 1196 3244 -
1216 3211 1307 3256 neniae

297 3279 336 3322 'R.
356 3280 381 3322 S.
403 3279 466 3322 zen.
487 3301 519 3310 —
538 3278 624 3322 oenias
641 3278 671 3322 P.
708 3274 762 3332 (11)
782 3282 809 3320 ut
831 3277 961 3322 adsuetam
977 3273 1077 3335 fortius
1100 3279 1229 3340 praester]
1267 3281 1306 3324 Sic

304 3349 406 3392 testibus
420 3347 541 3402 Pithoeo,
560 3347 695 3406 Bongarsio
714 3352 738 3391 et
754 3347 862 3406 Bergero
880 3347 910 3394 P.
931 3361 974 3392 nec
992 3347 1117 3405 quiequam
1135 3354 1219 3395 contu
1239 3347 1307 3394 nota·

304 3423 345 3462 tur
363 3431 375 3462 e
393 3418 423 3460 R.
444 3417 483 3472 (P.
502 3418 556 3461 seit.
576 3422 601 3461 nt
617 3418 694 3471 aetat,
712 3416 833 3475 prestes.)
870 3417 930 3461 ltem
949 3418 974 3460 S.
994 3441 1029 3450 —
1047 3422 1073 3461 aet
1085 3415 1227 3464 adsuetam
1245 3417 1307 3478 (sie,

305 3484 403 3544 divise.)
415 3483 516 3543 fortine
530 3492 631 3544 paretes
651 3485 708 3543 (sie)
728 3499 751 3542 p.
772 3487 835 3532 mala
856 3487 919 3530 coni.
967 3483 1024 3544 (15)
1043 3491 1067 3529 et
1086 3485 1161 3546 sitae]
1180 3502 1208 3550 p.
1229 3489 1254 3534 S.
1274 3505 1308 3522 -··

306 3562 332 3602 ut
350 3557 414 3601 ottae
434 3556 465 3604 P.
487 3556 533 3600 a.
561 3554 616 3614 (18)
635 3580 668 3590 -·
693 3553 841 3618 Memosyne
861 3556 890 3604 R.
911 3579 943 3591 -
961 3553 1105 3614 Nemoayne
1123 3571 1147 3616 g.
1168 3581 1202 3592 ·-
1216 3562 1309 3602 *sancta

305 3639 335 3670 ne
356 3623 499 3685 Nemoayne
514 3623 545 3671 P.
591 3624 645 3681 (19)
663 3623 790 3686 Fecunda]
808 3641 832 3683 p.
850 3627 877 3669 S.
897 3648 930 3658 -
947 3621 1066 3670 Facundo
1083 3626 1113 3670 P.
1133 3627 1164 3671 R.
1211 3624 1265 3683 (20)
1283 3626 1309 3668 t'n

305 3696 362 3753 ipen
375 3710 440 3753 pena
455 3702 530 3740 notus
545 3696 594 3740 adan
612 3693 710 3754 schola]
729 3698 763 3741 sic
777 3697 807 3740 P.
830 3699 890 3738 teste
908 3693 982 3752 Ber-g.
1004 3695 1135 3744 fleuinann.
1156 3719 1189 3730 -
1207 3696 1235 3740 e'n
1253 3697 1309 3753 ipso

305 3771 380 3810 notrae
395 3767 445 3810 sim
461 3779 524 3822 pene
542 3763 628 3811 schola
651 3777 673 3817 n.
695 3768 720 3812 S.
757 3766 830 3810 Varie
850 3768 1062 3822 transpositorum
1083 3767 1124 3810 ssd
1147 3780 1207 3810 unns
1223 3767 1306 3810 Henm.

305 3848 388 3878 veram
406 3836 514 3880 ordinem
533 3836 629 3880 Codicis
645 3836 766 3880 divinavit.
803 3831 857 3889 (22)
876 3831 978 3892 invicto]
997 3835 1098 3880 Desbitt.
1114 3836 1308 3880 Zella-inrito

305 3904 335 3947 P.
357 3905 386 3948 tt.
410 3918 435 3960 p.
456 3929 488 3939 -
507 3907 585 3950 multo
608 3905 670 3950 Gud.
693 3908 718 3949 S.
739 3929 772 3940 --
790 3905 889 3948 incante
913 3901 1006 3948 Censor
1022 3905 1089 3961 Lips.
1126 3901 1215 3962 (thid.)
1234 3905 1307 3950 sitem

306 3974 334 4018 e'n
350 3971 426 4034 Ιιαιιι)
446 3975 548 4021 Praseh.
571 3977 597 4022 S.
619 3999 650 4012 -
670 3972 696 4020 in
712 3973 777 4020 hone
798 3974 873 4020 vitam
893 3973 923 4019 P.
943 3974 973 4020 11.
999 3987 1022 4030 p.
1071 3969 1127 4032 (37)
1139 3973 1212 4040 fietis
1234 3971 1308 4020 stura
