2768 4750
325 305 388 368 inu

324 445 377 525 S.)
400 443 455 508 dei
472 443 591 526 gratio
611 441 708 504 natu.
730 437 888 504 ecciesiae
906 437 1021 502 abbati
1035 440 1198 503 Decnnus
1216 450 1314 502 totns·

324 568 388 632 que
405 546 557 626 eiusdem
579 547 673 610 Eccl.
695 546 886 609 Conventus
904 551 1069 625 paratam
1100 563 1142 605 oe
1167 543 1317 606 deuotam
1362 564 1363 593 i

324 647 565 712 obedientium.
901 645 906 654 '
1362 642 1363 671 ¹

387 750 493 813 Huius
511 743 767 831 praestantissimi
792 747 867 811 libri
888 768 977 810 usum
995 769 1055 830 per
1079 758 1182 810 totum
1203 759 1319 829 tempus

323 853 398 918 huic
418 851 627 937 qualicunque
643 872 737 915 curae
759 851 950 934 insumptum
968 851 1126 914 concessit
1147 850 1226 917 mibi
1244 851 1319 914 Ger-

324 954 419 1018 lacbii
440 955 501 1017 mei
513 953 667 1018 amicitia.
712 953 843 1038 Signavi
863 953 909 1019 A.

388 1057 455 1121 111.
484 1055 691 1135 bernensist)
723 1059 767 1120 N.
796 1056 851 1120 88.
881 1077 1017 1119 cnaunu
1045 1077 1203 1120 censeare
1227 1078 1319 1120 naam

325 1168 573 1225 suessonense
603 1160 670 1223 sine
694 1157 889 1233 scholiastes
910 1160 1046 1223 membr.
1076 1160 1150 1224 Sec.
1170 1162 1223 1225 X.
1246 1159 1318 1225 folio

326 1263 483 1340 inaximo,
513 1284 584 1326 cum
602 1260 792 1346 imaginibus
814 1259 985 1338 coloratis3
1008 1263 1113 1326 codex
1133 1262 1319 1345 splendidis·

324 1365 439 1444 simus,
462 1365 617 1444 inueum,
641 1375 676 1428 ut
690 1375 786 1447 puto,
809 1363 963 1446 principis
982 1362 1110 1428 alicuius
1125 1365 1189 1429 viri
1208 1385 1320 1429 sumna

326 1493 397 1532 cnm
413 1468 567 1554 elegantia
589 1480 750 1560 exaratus.
794 1469 890 1531 Hunc
904 1468 976 1529 dum
997 1489 1056 1549 per
1077 1465 1175 1531 ferias
1202 1479 1320 1532 antum-

325 1567 411 1636 n‘ales
433 1575 527 1654 apud'
538 1571 698 1659 Ueterium
714 1592 816 1635 memn
830 1570 954 1634 Bernae
970 1571 1074 1656 dego,
1097 1570 1166 1655 ipse
1189 1569 1317 1637 contuli.

327 1675 431 1740 Nobis
454 1687 504 1738 est
526 1676 567 1742 B.

387 1779 453 1843 lv.
477 1775 761 1858 einsiedlensistt)
783 1779 827 1840 N.
841 1773 918 1840 338.
934 1773 1002 1840 sine
1016 1775 1138 1853 Indice,
1159 1775 1318 1841 destitutus

323 1881 503 1952 Scholiasta
524 1891 556 1944 et
577 1880 710 1963 figuris3
732 1881 864 1945 membr.
895 1881 967 1943 Sec.
990 1881 1056 1944 XI.
1078 1880 1183 1944 forma
1206 1883 1319 1945 duode-

325 1967 524 2066 cimplicata‚
555 1983 706 2047 foliorum
735 1983 855 2048 XXII.
878 1982 1046 2068 diligenter
1064 2007 1103 2048 ac
1125 1984 1224 2050 nitide
1248 1980 1317 2047 scri·

325 2097 413 2169 ptus.
458 2087 561 2150 Huius
589 2087 702 2169 optimi
728 2084 857 2174 Codicis
877 2106 966 2148 usum
990 2099 1153 2170 acceptum
1170 2087 1246 2152 sero
1271 2089 1318 2148 be·

246 2233 248 2238 -
325 2189 472 2274 nignitati
491 2187 662 2255 Caelestini
679 2189 772 2272 primi
787 2186 989 2253 illustrissimi
1007 2189 1165 2272 Principis
1187 2186 1318 2256 Abbatis

326 2292 517 2356 Monasterii
536 2291 763 2356 Einsiedlensis
779 2303 810 2355 et
829 2291 1082 2356 reverendissimi
1097 2293 1202 2358 Patris
1219 2291 1317 2358 Mein·

326 2396 394 2460 radi
421 2395 578 2472 Kaelinii,
609 2396 661 2458 cui
692 2393 875 2459 doctissimo
897 2394 969 2459 viro
1000 2395 1212 2461 bibliothecae
1244 2393 1316 2460 illius

326 2497 468 2562 custodia
490 2498 654 2563 commissa
669 2509 730 2562 est.
775 2499 909 2578 Semper
926 2501 1011 2562 hunc
1026 2519 1153 2584 quoquc
1168 2500 1198 2563 in
1221 2519 1317 2564 emen·

327 2603 430 2665 dando
451 2603 548 2683 poeta
572 2613 643 2664 ante
666 2599 779 2665 oculos
801 2599 909 2664 habui.
954 2601 1074 2667 Notavi
1095 2605 1139 2667 E.

357 2843 360 2852 ⁸
378 2835 413 2895 (*)
431 2839 483 2884 Cir.
509 2839 604 2885 Sinneri
624 2835 799 2898 casattotd.
817 2837 883 2885 Bibi.
896 2837 973 2887 Beria.
992 2845 1049 2888 Vol.
1070 2844 1090 2888 l.
1110 2857 1134 2898 p.
1154 2841 1314 2896 278-282.;

327 2921 397 2966 quem
418 2913 496 2954 tamen
517 2907 578 2968 fugit
597 2909 697 2954 ultimos
715 2911 775 2954 cdd.
793 2923 878 2955 versus
898 2923 927 2956 ex
944 2912 1035 2957 Avieno
1054 2919 1148 2958 assutos
1170 2927 1234 2959 esse.
1281 2903 1283 2911 ’

361 2975 408 3035 (**)
427 2981 492 3024 ldem
513 2984 550 3025 est
573 2979 668 3035 Codex,
694 2979 774 3037 quiin
793 2980 901 3026 llaenetii
922 2977 1050 3042 catalogis
1073 2997 1097 3039 p.
1124 2981 1235 3038 663.,b.
1261 2983 1314 3026 miro

326 3062 410 3094 errore
426 3050 461 3094 sic
477 3055 639 3094 memoratur:
668 3048 718 3105 „N.
740 3046 798 3094 200.
819 3049 898 3094 Ovidii
916 3065 1005 3110 opera;
1025 3066 1073 3100 sec.
1093 3053 1139 3098 xt.
1159 3053 1262 3098 membr.
1282 3049 1315 3095 i.''

325 3119 391 3164 Nihil
408 3123 486 3163 autern
504 3119 583 3164 Ovidii
609 3119 632 3163 in
657 3119 701 3164 hoc
725 3119 803 3173 libro,
832 3121 889 3165 sed:
917 3121 1044 3166 Boethii
1071 3121 1196 3178 Expositis
1220 3122 1314 3168 secunda

326 3188 383 3244 (sic)
402 3189 426 3234 in
448 3188 561 3249 magogas
591 3189 728 3244 Porphyrii.
773 3190 965 3240 Priscianus
993 3194 1020 3238 de
1049 3190 1131 3251 figuris
1155 3205 1312 3238 nmnerorum.

326 3259 392 3302 idem
409 3261 438 3303 de
460 3260 543 3304 metris
567 3259 700 3303 fabularum
722 3260 830 3306 Terentii
854 3265 878 3304 et
894 3260 998 3305 aliorum
1019 3263 1173 3308 comicorum.
1209 3263 1315 3320 Eiusdem

324 3328 556 3373 Praeexercitamina
568 3329 633 3384 (sic).
654 3327 856 3374 commentarium
874 3329 980 3375 liutici
999 3333 1030 3376 V.
1051 3332 1080 3377 C.
1097 3332 1252 3378 Graminatici
1272 3331 1313 3374 sn·

324 3397 454 3444 tiocbensis
475 3398 498 3442 iu
520 3404 596 3444 metra
615 3399 760 3442 Terentiana
781 3399 877 3454 (insunt
896 3401 933 3446 bis
963 3402 1073 3448 omnibus
1093 3401 1206 3456 Graeca.)
1228 3405 1313 3454 Versus

324 3467 434 3513 Rufini
452 3467 606 3513 Grammatici
625 3470 654 3512 de
672 3469 754 3512 metris
775 3468 881 3514 Terentii
901 3475 924 3514 et
947 3472 1026 3516 Plauti
1045 3477 1069 3516 et
1086 3477 1229 3524 ceterorum.
1261 3473 1314 3514 Ver·

325 3538 365 3583 siis
384 3537 493 3581 Rufini
511 3538 543 3582 V.
564 3538 593 3582 C.
614 3538 754 3582 litteratoris
767 3539 794 3582 de
814 3540 985 3595 compositione
1005 3544 1027 3584 ei
1043 3544 1071 3586 de
1088 3542 1170 3586 metris
1187 3547 1311 3586 oratorem.

318 3607 491 3665 ·ffostremiun
503 3607 547 3652 lace
564 3605 641 3652 Rufini
663 3609 801 3662 opusculum
823 3609 985 3664 compluribus
1007 3612 1066 3656 loeis
1085 3625 1113 3655 ex
1125 3613 1223 3670 egregio
1235 3609 1314 3656 Codice

326 3679 474 3722 emendatum
493 3677 554 3721 dabo
579 3678 716 3732 propediem
738 3679 761 3721 in
780 3679 919 3723 Scholiastis
947 3679 1135 3734 Ciceronianis.)
1169 3681 1195 3724 ln
1212 3679 1258 3726 fine
1274 3679 1313 3722 co-

325 3748 386 3791 dicis
408 3749 458 3792 sine
481 3748 530 3791 ulto
557 3747 633 3791 iudice
658 3747 838 3793 Germanici
862 3754 957 3794 Aratea.
1007 3751 1070 3796 llaec
1097 3743 1215 3814 ἰδιώτης
1236 3747 1312 3806 aliquis

326 3831 397 3873 qnnm
419 3816 504 3862 Ouidio
523 3817 684 3870 attribuisset,
718 3821 786 3862 natus
812 3823 849 3862 est
869 3833 939 3863 error
962 3819 985 3862 in
1007 3820 1114 3864 lleenelii
1134 3822 1265 3880 catalogo,
1294 3819 1312 3860 in

326 3887 375 3931 illis
393 3887 502 3932 omnibus
521 3901 580 3946 qnae
601 3887 700 3931 attinent
722 3889 750 3931 ad
773 3894 943 3933 monasterium
961 3889 1125 3936 Einsiedleass
1145 3888 1311 3948 imperfectotl

328 3957 405 4001 omnis
423 3958 518 4016 generis
543 3957 606 4002 vitiis
626 3958 677 4001 sine
696 3957 740 4003 viri
759 3957 820 4003 docti
840 3959 907 4015 culpa
926 3963 1024 4006 raterio.
