2768 4750
291 279 352 366 aas

289 419 365 485 Non
388 415 450 482 illis
471 415 554 482 liber
576 437 708 491 eiurare,
733 415 789 478 sed
812 413 937 477 uincula
961 415 1059 476 cauda

292 513 426 608 Singula
447 531 618 606 utrumqne
638 529 767 594 tenent,
790 540 855 582 uno
877 515 1026 582 co'e'nntia
1049 516 1149 579 nodo.
1233 511 1282 574 255

292 627 422 690 Nodum
445 625 536 688 stella
556 622 686 706 premit.
731 621 852 696 Piscis,
876 620 932 706 qui
953 618 1082 702 respicit
1103 636 1198 680 auras

292 728 479 803 Threicias,
503 730 647 791 dextram
671 725 900 789 Andromedae
922 735 1070 786 cernetur
1096 723 1136 782 ad
1158 719 1267 782 ulnam.

282 879 285 888 .
333 835 452 896 subter
475 841 646 914 utrumque
668 831 780 912 pedem
802 829 938 892 devotae
961 824 1107 910 Virginis
1131 823 1197 886 ales

290 936 433 1000 Perseos
454 932 575 1018 effigies
597 943 745 1004 servatae
768 944 859 1015 grata
882 931 1019 1014 puellae.

291 1037 405 1102 Moles
427 1036 497 1120 ipsa
519 1034 581 1098 viri
602 1034 679 1098 satis
702 1045 750 1096 est
772 1045 885 1097 testata
907 1043 1092 1117 parentem,
1237 1029 1288 1092 255

293 1143 416 1204 'santus
439 1141 556 1223 ubique
580 1137 694 1210 micat,
719 1148 838 1201 tantum
861 1149 997 1220 oectlpal
1019 1141 1058 1200 ab
1079 1138 1162 1201 Iove
1184 1133 1271 1197 caeli.

292 1244 435 1308 Dextera
458 1242 602 1306 sublatae
622 1239 733 1314 similis
755 1261 859 1322 prope
882 1239 1081 1322 Cassiepiam

294 1346 444 1411 Sublimis
465 1345 590 1428 fulgct3
612 1343 746 1427 pedibus
767 1365 946 1426 properare
970 1345 1096 1407 videtur

294 1451 339 1516 Et
361 1448 444 1512 velle
466 1445 591 1531 aligeris
613 1467 728 1530 purum
752 1449 877 1509 aethera
900 1447 1020 1510 lladere
1043 1443 1173 1528 plantis.

337 1550 467 1632 Poplite
489 1551 548 1614 snb
570 1550 685 1625 laevo,
710 1548 809 1612 Tauri
832 1550 1005 1613 certissima
1028 1550 1138 1634 signa,
1238 1545 1290 1610 255

295 1653 442 1720 Pleiades
464 1649 639 1728 subeunti
660 1651 768 1714 brevia
791 1663 823 1716 et
843 1653 934 1716 locus
957 1665 1095 1734 ocourpat
1116 1673 1245 1726 omnem

294 1758 367 1822 Nec
388 1755 500 1820 faciles
523 1755 630 1831 cerni,
654 1753 713 1818 nisi
736 1757 823 1838 quod
846 1754 993 1818 coiiumtia
1015 1757 1107 1838 plura

297 1859 408 1924 Sidera
431 1879 630 1923 communem
652 1859 821 1921 ostendunt
844 1879 884 1922 ex
905 1861 1053 1922 omnibus
1075 1859 1197 1943 ignem.

296 1964 428 2046 Septem
450 1963 620 2026 traduntur
642 1981 795 2036 daumero,
819 1963 876 2024 sod
898 1961 1040 2046 carpitur
1063 1984 1142 2039 una,

297 2205 361 2251 cess.
381 2206 453 2249 etiarn
470 2203 500 2247 B.
536 2195 629 2262 (ibid.)
657 2201 722 2246 alter
747 2205 771 2245 et
792 2197 873 2260 audit]
899 2199 1019 2260 EGPgsb.
1040 2223 1073 2237 -·
1091 2203 1156 2258 alter
1182 2203 1255 2251 audit
1269 2201 1293 2246 A.

295 2295 327 2312 ι·
344 2275 427 2318 altera
447 2272 513 2318 ridet
530 2273 559 2318 F.
596 2267 671 2330 (243)
692 2267 723 2316 '=
747 2270 884 2317 stridentia
904 2272 992 2331 ABEg.
1012 2294 1046 2307 -·
1072 2287 1148 2317 aurea
1167 2274 1198 2319 P.
1219 2273 1295 2316 --as'⁴

295 2358 355 2392 oeae
378 2335 416 2404 gs.
436 2349 520 2390 canna
537 2355 605 2387 meos
624 2341 683 2386 Cdd.
726 2337 804 2402 (244)
825 2363 854 2376 -
880 2348 905 2386 et
923 2343 987 2386 einr.
1007 2342 1037 2387 E.
1058 2343 1114 2398 (non
1129 2343 1195 2394 AB.)
1231 2339 1295 2400 (245)

202 2418 204 2426 ’
296 2439 330 2454 ·-
348 2410 457 2474 Cingula
473 2414 503 2458 B.
523 2435 556 2450 -ι-
575 2411 636 2455 tem't
653 2405 713 2471 (sic)
731 2413 760 2456 A.
805 2408 877 2468 (255)
900 2433 934 2448 «-
957 2410 1074 2458 Nondum
1097 2415 1126 2458 A.
1176 2411 1252 2469 (247)
1270 2431 1294 2446 -

297 2483 420 2532 Threicio
439 2483 470 2527 A.
490 2505 523 2520 --
542 2479 656 2526 Threida
672 2481 703 2526 P.
740 2479 825 2536 (15ἰά.)
843 2479 969 2541 eernetur]
989 2483 1016 2526 de
1034 2495 1059 2541 g.
1073 2483 1136 2530 cani.
1156 2495 1177 2528 s.
1200 2505 1230 2517 -
1249 2495 1297 2526 eer-

297 2560 392 2600 nantar
403 2552 478 2602 ABG.
490 2577 523 2590 -
535 2552 629 2595 cernat'
641 2548 698 2608 (aia)
708 2550 738 2597 F..
750 2573 782 2588 -ο
801 2557 941 2596 cernantur
953 2552 1035 2610 FPgb.
1059 2545 1149 2612 (ibid.)
1161 2551 1196 2597 ad
1208 2548 1297 2607 ulnam]

296 2623 393 2682 FPgsb.
415 2645 444 2658 —
464 2620 499 2667 ad
518 2622 590 2666 illam
613 2622 642 2665 B.
663 2643 696 2658 -
714 2619 749 2664 ad
768 2621 840 2665 illam
860 2621 914 2666 EG.
951 2619 1024 2676 (248)
1043 2622 1163 2668 omittunt
1187 2623 1233 2668 bos
1253 2629 1296 2666 tres

296 2706 375 2740 veras.
398 2688 545 2737 ete-25⁰.
571 2691 644 2735 AFP.
693 2688 764 2746 (251)
783 2715 816 2726 -
843 2691 940 2736 Tantae
958 2693 1042 2736 atille
1064 2705 1098 2738 m.
1117 2693 1147 2737 1³.
1168 2694 1226 2748 (nnn
1239 2687 1298 2747 AF.)

299 2785 329 2800 ·-
349 2766 456 2819 occupat
471 2760 527 2806 iare
546 2761 575 2804 A.
621 2757 694 2816 (252)
711 2759 827 2805 Dextera
851 2760 966 2806 sublatae
985 2763 1080 2807 cimilia
1101 2775 1184 2820 prope
1205 2760 1299 2811 Goaris·

296 2829 377 2894 plain]
402 2833 431 2876 B.
463 2828 517 2889 (aad
546 2826 687 2888 Cassiepia)
713 2831 795 2890 EGge.
822 2855 855 2867 -
878 2829 995 2876 Dextera
1012 2831 1069 2888 (nic)
1088 2831 1188 2877 sublata
1209 2831 1298 2878 cimilia

296 2902 374 2963 probe
392 2900 447 2957 (sie)
465 2899 608 2959 Gaeiepiam
625 2901 656 2944 A.
676 2925 709 2938 ι-
726 2899 828 2945 Dextra
848 2900 949 2946 sublata
970 2902 1064 2949 similis
1082 2915 1162 2960 prope
1186 2903 1239 2948 FP.
1259 2903 1295 2958 (-

297 2973 442 3031 eaaiopeam
465 2968 509 3027 P.)
532 2981 571 3018 eo
587 2971 689 3016 Dextra
716 2971 816 3016 aabtata
838 2971 932 3015 entium
948 2985 1028 3030 prope
1055 2967 1201 3029 Gaaeiepiae
1228 2974 1257 3017 de
1276 2983 1297 3029 g·
1355 2985 1356 2994 ¹

298 3044 364 3088 coni.
384 3041 408 3091 b.
452 3035 531 3102 (254)
541 3037 653 3103 fitadere]
673 3040 792 3101 neeges.
814 3063 844 3075 -
862 3046 967 3100 tangere
986 3041 1057 3086 AFP.
1094 3041 1180 3101 (lbid.)
1195 3036 1298 3100 plantis]

299 3110 441 3170 ABEGgsb.
466 3135 499 3149 -υ
520 3113 617 3170 palmia
643 3111 694 3157 FP.
739 3105 820 3172 (255)
846 3111 940 3156 Habent
964 3117 1013 3156 tres
1039 3125 1078 3157 vv.
1105 3107 1252 3158 255-252.
1271 3110 1297 3154 F.

298 3175 357 3242 (aad
377 3194 400 3224 v.
424 3177 482 3226 255.
510 3182 699 3238 transpositum,
731 3195 785 3227 enm
814 3182 884 3241 signo
907 3187 986 3226 tamea
1016 3179 1198 3240 correctionis.)
1226 3180 1298 3242 Ggsb.

299 3251 362 3296 item
381 3251 410 3294 B.
430 3263 453 3294 v.
474 3247 534 3297 255.
555 3249 614 3300 257.
635 3251 765 3297 arnimar.
791 3249 851 3298 255.
889 3251 1007 3298 Omittnnt
1028 3253 1074 3297 bos
1091 3256 1142 3297 tres
1160 3265 1199 3296 vv.
1217 3249 1298 3298 255-

267 3341 270 3355 ·
300 3317 361 3366 257.
380 3319 453 3364 AFP.
490 3317 562 3376 (255)
584 3343 613 3356 -
633 3326 672 3366 eat
684 3322 775 3368 laeua:
792 3327 898 3380 occupat
910 3321 993 3366 amnia
1007 3336 1032 3382 ς.
1052 3328 1136 3367 cantu
1148 3321 1209 3367 Gdd.
1224 3333 1298 3366 mens.

301 3386 373 3447 (255)
391 3413 425 3427 -
435 3383 520 3449 facile
537 3397 575 3436 eet
592 3405 616 3437 a.
636 3392 666 3436 B.
711 3389 785 3447 (252)
803 3415 836 3430 -
854 3405 882 3436 ee
901 3390 958 3450 (sie)
973 3391 1089 3451 carpitur
1102 3396 1132 3437 A.
1153 3413 1184 3428 -·
1202 3391 1250 3438 aed
1262 3403 1300 3434 aa·

254 3507 257 3514 .
297 3459 370 3522 pitar
387 3459 417 3506 2.
455 3454 728 3524 (26⁰)-1Daficsam
748 3462 779 3508 A.
800 3483 830 3498 -··
849 3461 990 3522 distingere
1010 3462 1042 3507 A.
1077 3459 1152 3516 (255)
1170 3482 1200 3496 -
1217 3473 1301 3507 eerra-

301 3529 338 3576 ou
352 3530 383 3575 A.
420 3524 498 3590 (252)
516 3551 546 3564 -
565 3529 839 3592 Heteetraalcioneqae
857 3533 988 3590 caloneque
1006 3545 1040 3578 m.
1060 3532 1091 3578 Ρ.
1127 3527 1200 3589 (253)
1217 3531 1260 3578 Sia
1274 3532 1300 3574 de

257 3618 265 3626 ·
301 3613 326 3659 ς.
345 3601 409 3648 coni.
429 3614 450 3646 a.
471 3597 601 3659 (Aeternpe
618 3603 706 3659 placuit
720 3603 862 3648 Buttmanno
877 3605 907 3652 ad
928 3602 996 3646 Arati
1017 3615 1042 3648 v.
1062 3599 1122 3648 253.
1157 3599 1217 3654 Kal
1234 3599 1302 3650 Στο-

301 3663 391 3738 ρόπη.
426 3670 473 3715 Sed
491 3670 563 3716 etiam
578 3671 700 3718 Avienus:
725 3670 758 3718 Et
775 3672 887 3730 Sterope.
906 3673 966 3718 item
983 3671 1084 3719 Ovidius
1101 3673 1168 3718 Fast.
1188 3671 1223 3727 t,
1245 3666 1300 3716 172.

302 3739 369 3791 Nam
385 3737 507 3797 Steropen
520 3737 602 3786 Marti
615 3742 779 3788 roneadaiaae
789 3739 891 3802 serant.
912 3763 942 3778 -
961 3741 1127 3803 Aeteropeqae
1145 3747 1170 3788 et
1190 3741 1301 3802 Targae

283 3816 328 3872 ,et
341 3809 410 3856 mata
427 3804 488 3872 (sic)
507 3817 615 3869 parente
635 3812 672 3857 A:
685 3837 719 3852 -υ
742 3811 864 3872 Asterope
885 3817 909 3856 et
925 3818 1028 3875 taygeto
1050 3819 1075 3860 at
1098 3825 1154 3858 maa
1172 3816 1301 3870 parentem

302 3879 372 3938 sog.
391 3903 425 3918 ·-·
443 3879 563 3939 Asterop·
582 3888 607 3927 et
623 3883 726 3943 taygeti
740 3884 820 3929 amal
834 3889 859 3929 et
873 3895 929 3928 mea
937 3889 1070 3940 paronam
1084 3884 1114 3928 B.
1134 3905 1167 3920 -
1185 3881 1301 3938 Asterop

303 3956 328 4000 at
345 3949 460 4014 reygm
474 3951 553 4001 simul
557 3947 712 4018 famosaque
723 3951 796 4004 Maia
812 3953 836 4002 b.
855 3954 969 4016 interpal.
983 3967 1013 4004 ex
1026 3953 1125 4004 Avieno.
1138 3971 1173 3992 ι·
1183 3967 1234 4008 om.
1243 3952 1300 3998 bana
