2788 4772
58 509 159 571 Vetat
182 502 299 570 dimitti
321 521 454 587 maguus
474 499 547 563 iilos
569 493 729 579 Iuppiter.

55 607 174 672 Mirati
197 607 261 670 sibi
284 608 407 690 legatos
431 625 494 668 nou
516 601 693 674 revestier,

58 714 171 798 Turpe
196 709 398 772 aestimantes
419 705 535 789 aliquid
559 704 759 767 commissum
783 721 799 760 a
823 696 906 772 suis,
1031 697 1070 759 15

55 814 139 877 Post
163 813 300 898 aliquod
321 823 447 893 tempus
470 808 550 872 alios
574 802 711 868 adscribi
733 803 854 865 iubent.

56 919 186 980 Rumor
209 917 337 1000 legatos
360 912 542 994 superiores
564 907 719 991 prodidit.

58 1020 227 1082 Timentes
253 1039 363 1081 rursus
386 1015 503 1100 aliquid
528 1033 567 1076 ue
589 1013 688 1076 simile
710 1009 851 1084 accidat,

60 1122 174 1186 Odore
198 1121 331 1184 canibus
354 1141 445 1182 anum
469 1120 525 1182 sed
547 1116 648 1180 multo
670 1114 810 1195 replent.

58 1225 216 1287 Mandata
242 1227 337 1286 dant:
363 1221 461 1306 iegati
483 1220 673 1291 mittuntur,
698 1216 803 1279 statim
1031 1213 1073 1275 2⁰

59 1329 208 1392 Abeunt.
255 1328 425 1410 Rogantes
448 1321 582 1398 aditum,
607 1319 763 1384 contiuuo
785 1317 969 1400 impetrant.

61 1429 221 1494 Consedit
246 1429 373 1514 genitor
394 1439 460 1490 tum
484 1428 616 1488 deorum
639 1422 793 1484 maximus

61 1534 269 1614 Quassatque
291 1532 430 1596 fulmen:
454 1542 592 1591 tremere
615 1539 751 1605 coepere
774 1523 878 1587 omnia

62 1634 171 1700 Canes
195 1634 346 1708 confusi,
369 1632 492 1696 subitus
515 1631 601 1712 quod
622 1629 728 1692 fuerat
748 1627 883 1710 fragor,

62 1738 211 1820 Repente
235 1740 371 1800 odorem
395 1735 525 1797 urixtum
549 1754 619 1794 cum
643 1729 758 1792 merdis
781 1740 903 1792 cacant.
986 1801 991 1814 .
1035 1727 1075 1790 25

62 1840 257 1904 Reclamant
279 1860 410 1912 omnes,
436 1836 652 1900 vindicandam
675 1832 832 1896 iniuriam.

65 1941 115 2005 Sic
138 1955 188 2007 est
211 1944 341 2007 locutus
364 1951 436 2004 aute
457 1959 592 2022 poenam
615 1935 786 2018 Iuppiter:

64 2047 210 2130 Legatos
234 2065 300 2108 non
323 2055 371 2106 est
392 2042 479 2126 regis
502 2063 565 2106 non
588 2041 768 2115 dimittere,

64 2149 131 2211 Nec
153 2160 203 2212 est
228 2145 353 2210 difficile
375 2163 497 2228 poenas
520 2145 633 2226 culpae
655 2143 843 2225 imponere;

67 2252 129 2313 Sed
149 2253 215 2316 hoe
238 2249 348 2312 seretis
370 2269 431 2331 pro
454 2246 571 2312 iudicio
593 2245 785 2330 praemium:

66 2354 140 2417 Non
162 2366 243 2417 veto
267 2351 399 2426 dimitti,
424 2372 534 2414 verum
557 2348 691 2412 cruciari
712 2348 818 2424 same,

67 2455 115 2518 Ne
137 2467 285 2520 ventrem
308 2453 472 2518 continere
495 2474 559 2515 non
581 2452 704 2534 possint
726 2472 830 2515 surim.

67 2556 116 2620 Illi
139 2570 268 2634 autem,
293 2556 349 2641 qrri
371 2557 524 2620 miserunt
546 2577 606 2622 vos
628 2568 691 2618 tam
713 2554 842 2631 sutiles,

67 2660 239 2748 Nunquam
262 2664 418 2724 carebunt
439 2658 581 2725 hominis
604 2659 807 2723 contumelia.

68 2763 115 2827 lta
137 2787 223 2830 nunc
245 2765 372 2848 legatos
397 2773 619 2845 exspectantes
642 2761 782 2843 posteri,
1039 2763 1079 2827 85

69 2866 198 2932 Novum
224 2867 336 2932 venire
359 2887 456 2950 quum
479 2865 591 2943 videt,
615 2866 720 2928 culum
743 2864 868 2929 olfacit.

71 3114 100 3159 P.
122 3117 152 3162 R.
174 3115 235 3176 (,.1n
256 3117 377 3161 recor-tier
405 3115 518 3161 librarius
540 3115 654 3170 expunxit
681 3129 724 3170 er,
759 3115 852 3161 formae
882 3116 951 3160 istius
974 3115 1082 3171 poeticae

72 3184 173 3232 tortasse
192 3185 312 3232 inscius.''
329 3183 420 3244 Bane.)
457 3183 512 3242 (15)
532 3182 638 3244 aliquid]
665 3197 687 3242 p.
710 3186 736 3232 S.
767 3209 800 3222 --
818 3185 920 3244 aliquod
935 3186 965 3230 P.
986 3186 1015 3231 R.
1037 3183 1082 3244 (-

73 3257 218 3302 comosicum
235 3255 280 3310 Ρ.)
315 3253 369 3311 (16)
390 3277 419 3291 --
439 3254 537 3300 adsciri
561 3255 645 3300 tribuit
667 3255 781 3300 Remeusi
802 3255 903 3300 Godius.
950 3257 1017 3302 Haud
1040 3272 1087 3301 no·.

73 3326 127 3368 tavit
144 3329 215 3374 Vino.
252 3325 308 3386 (¹9)
333 3327 426 3372 Partis.
455 3323 502 3370 scd
522 3325 621 3379 impedit
642 3326 856 3371 constructionem.
904 3327 967 3371 Puto
989 3327 1080 3372 foisse:

73 3406 146 3438 onmn
163 3395 253 3441 aedredo
276 3397 389 3454 replent,
416 3400 442 3440 ut
467 3395 591 3456 ingeniose
609 3395 713 3440 coniecit
730 3395 817 3440 Bothe.
860 3392 913 3451 (20)
933 3398 972 3442 Sic
990 3397 1081 3455 urgan.

74 3461 116 3512 Ed.
134 3463 158 3509 2.
180 3467 207 3510 S.
228 3487 258 3500 -
277 3464 402 3513 Mandant
425 3464 585 3510 ditnittuntur
606 3463 693 3509 atatim
719 3465 749 3509 P.
781 3465 811 3510 R.
832 3477 856 3520 p.
876 3462 927 3522 (tic
946 3479 1000 3511 cum
1019 3471 1083 3510 aste·

73 3533 145 3589 risco)
163 3533 300 3591 (Mandata
317 3535 427 3590 duntur,
456 3533 633 3584 dianittuntur:
656 3531 684 3578 di
705 3534 792 3578 statim
815 3533 930 3590 Adeunt;
948 3541 1082 3596 rogantes-

75 3614 117 3658 que
132 3604 228 3650 «dnum
250 3603 353 3661 Bothe.)
396 3602 453 3664 (21)
471 3601 578 3662 Abeunt]
598 3604 715 3648 Scheffer.
736 3606 761 3648 S.
784 3625 813 3636 —
834 3604 933 3649 Adeunt
954 3605 983 3649 P.
1007 3605 1037 3662 fl.-
1056 3618 1081 3660 p.

75 3668 125 3726 (tt)
151 3672 232 3720 Genea
258 3671 373 3732 consuat,
399 3674 497 3720 autum
527 3671 602 3732 quod]
621 3674 683 3720 Gud.
711 3676 737 3718 S.
759 3699 792 3709 -
811 3671 891 3720 Cuneo
911 3676 945 3729 (in
967 3675 998 3718 R.
1020 3679 1082 3723 teste

76 3738 135 3786 Gud.
155 3758 222 3801 apr.
246 3759 279 3790 m.
299 3742 385 3799 cunia)
402 3740 525 3799 confusus
544 3742 709 3802 auditoqmd
724 3744 755 3788 P.
776 3743 806 3790 R.
824 3759 848 3800 p.
887 3741 942 3801 (25)
960 3741 1080 3802 mixtum]

75 3820 98 3862 Ρ·
117 3812 142 3856 S.
162 3834 196 3848 -
214 3816 296 3859 mixto
309 3815 339 3860 Ρ.
359 3815 389 3858 R.
410 3815 481 3867 (teste
506 3814 607 3868 Gudio.)
644 3811 698 3870 (27)
717 3838 749 3847 -
767 3815 866 3858 locutus
889 3819 970 3857 cutem
992 3813 1080 3858 Bothe.

77 3876 129 3932 (28)
147 3881 255 3944 Legatos
274 3897 324 3930 non
342 3881 480 3943 astragis]
499 3883 561 3930 Gud.
588 3885 613 3928 S.
638 3892 677 3930 mo
703 3882 761 3930 Non
787 3883 859 3944 regis
889 3889 944 3936 eat,
982 3884 1081 3943 lagoena

77 3946 204 4002 Bipontini.
231 3955 325 4000 lacobs.
351 3977 384 3992 -ι-
410 3951 466 3998 Non
484 3960 521 3998 ert
542 3953 727 4013 legatoaregis
746 3951 776 3998 Ρ.
803 3954 833 3998 R.
854 3965 877 4007 p.
915 3949 971 4009 (30)
991 3955 1031 3998 Sic
1049 3954 1081 3999 P.

78 4014 106 4073 ii·
125 4032 148 4074 P·
167 4047 200 4073 τ·
218 4024 250 4069 Et
268 4023 313 4076 noc
332 4029 379 4070 cet.
399 4025 545 4084 transposito
562 4023 607 4068 hoc
622 4023 742 4084 versiculo
759 4027 813 4078 post
828 4027 937 4070 nostrum
956 4037 978 4068 r.
998 4020 1039 4084 32,
1054 4025 1088 4068 Su
