2788 4772
321 315 362 376 90

363 455 490 516 Vexata
514 453 615 516 saevis
637 455 726 518 navis
750 454 1009 544 tempestatibus,

321 559 408 620 Inter
433 567 598 620 vectorum
620 557 766 620 lacrimas
789 571 820 622 et
843 558 955 623 mortis
978 572 1111 635 metum,

320 659 511 723 Faciem¹ad
532 683 671 724 serenam
695 659 801 724 subito
824 674 862 724 ut
883 673 1022 726 mutatur
1040 663 1130 739 dies,

319 763 415 826 Ferri
437 763 582 825 secundis
607 773 672 826 tuta
696 763 802 845 coepit
823 765 950 828 flatibus

319 866 487 948 Nimiaque
510 877 619 928 nautas
641 864 799 930 hilaritate
823 869 991 932 extollere.

318 971 436 1033 Faetus
458 967 580 1050 periclo
603 981 667 1032 turn
692 972 888 1054 gubernator
911 975 1052 1054 sophus:

319 1074 422 1134 Parce
445 1075 583 1156 gaudere
606 1084 736 1155 oportet
758 1074 925 1144 etsensim
948 1074 1057 1161 queri,

244 1185 247 1192 “
320 1177 436 1239 Totam
460 1175 532 1261 quia
555 1176 650 1240 vitam
673 1177 784 1244 miscet
806 1179 901 1242 dolor
923 1190 955 1242 et
977 1179 1137 1263 gaudium.

698 1397 795 1458 [rua.
824 1397 937 1458 xviii]

494 1547 662 1614 cnunnt
685 1549 863 1612 eneam
885 1547 950 1655 An
972 1515 1144 1612 rovum.

360 1687 464 1752 Canes
486 1691 611 1772 legatos
635 1688 709 1750 olim
732 1687 844 1750 misere
867 1691 904 1753 ad
927 1687 1058 1764 Iovem,

317 1793 466 1856 Melioris
491 1792 572 1854 vitae
595 1801 719 1871 tempus
742 1802 866 1853 oratum
889 1813 981 1866 suae,

308 1898 363 1970 .Ut
383 1917 452 1958 sese
475 1895 613 1976 eriperet
634 1893 796 1957 hominum
819 1893 1037 1971 contumeliis,
1239 1975 1240 1982 ἵ

317 1997 509 2061 Furfuribus
533 1996 593 2059 sibi
616 2017 822 2078 conspersum
846 2000 933 2080 quod
954 2017 1067 2078 panem
1092 2001 1201 2062 darent
1278 2053 1280 2061 .

316 2102 474 2184 Fimoque
496 2101 580 2182 turpi
603 2101 767 2164 maximam
792 2092 960 2181 explerent
981 2101 1110 2165 famem.
1304 2102 1319 2164 5

315 2190 463 2268 Profecti
484 2216 556 2265 sunt
578 2203 674 2287 legati
697 2225 760 2267 non
783 2202 881 2265 celeri
902 2206 1000 2284 pede,

314 2307 399 2372 Dum
422 2307 549 2368 naribus
571 2316 752 2368 scrutantur
775 2327 880 2368 eseam
902 2305 933 2366 in
957 2318 1114 2370 stercore.

316 2408 414 2473 Citati
437 2431 500 2472 non
523 2412 731 2491 respondent.
776 2409 846 2470 Vix
868 2411 992 2471 tandem
1014 2409 1135 2474 invenit

235 2557 239 2560 -
272 2533 275 2540 ·
314 2515 383 2576 Eos
406 2513 590 2576 Mercurius
613 2523 645 2574 et
666 2515 812 2575 turbatos
834 2510 983 2574 adtrahit.

316 2619 399 2679 Tum
422 2637 501 2678 vero
527 2616 646 2677 vultum
670 2615 777 2697 magni
800 2615 1004 2693 utxviderunt
1026 2615 1136 2694 Iovis,
1273 2592 1319 2676 ‘Io

315 2721 432 2782 Totam
454 2718 599 2779 timentes
622 2729 838 2792 concacarunt
859 2719 1000 2803 regiam,

313 2819 467 2904 Propulsi
489 2841 571 2884 vero
594 2819 730 2882 fustibus
753 2822 873 2882 vadunt
894 2820 997 2884 foras.

364 3072 424 3115 Fue.
445 3071 527 3114 XVII.
565 3067 604 3128 (2)
624 3093 656 3102 —
675 3069 826 3120 consulendi
843 3073 874 3124 Ρ.
893 3073 923 3118 R.
962 3070 1316 3130 (3)-nuai.EaeerptaRi-

312 3142 378 3199 gattti
400 3144 461 3196 apud
481 3141 641 3184 Schwabinm.
663 3139 708 3200 Sed
727 3141 756 3184 P.
776 3142 805 3185 u.
825 3155 849 3196 p.
871 3143 908 3200 (ut
925 3143 950 3192 S.
971 3139 1087 3197 Ed.=2.):
1107 3143 1188 3188 ηανίε.
1219 3143 1259 3201 (5)
1277 3156 1316 3186 au·

312 3211 361 3254 bito
389 3217 414 3254 ut
444 3207 565 3268 mutatur]
593 3211 711 3267 Bongars.
738 3211 800 3256 Gud.
829 3213 911 3260 Heius.
929 3207 968 3256 ’8.
999 3237 1032 3245 -
1066 3226 1114 3256 οιη.
1145 3215 1171 3256 ut
1187 3213 1217 3257 Ρ.
1242 3213 1273 3258 II.
1293 3225 1314 3266 p·

312 3279 349 3335 (8)
366 3278 473 3338 periclo]
492 3281 610 3338 Bongars.
634 3281 660 3323 S.
690 3304 722 3313 —
748 3282 863 3339 periculo
882 3297 907 3338 p.
951 3283 1012 3338 (Hoc
1028 3282 1136 3329 Schwab.
1157 3283 1244 3326 tribuit
1268 3283 1315 3326 Ms-

220 3377 221 3382 =
310 3351 452 3406 Perottino,
474 3351 497 3393 in
511 3365 568 3407 *quo
584 3351 643 3394 haee
657 3349 748 3396 'fabella
771 3365 817 3395 non
837 3349 936 3409 exstat.)
954 3375 987 3386 -
1003 3353 1118 3409 periculo
1136 3352 1177 3406 sia
1194 3354 1270 3399 utrtse
1287 3351 1313 3393 R.

312 3436 365 3465 cum
390 3421 432 3466 lin.
459 3433 532 3476 supra
558 3421 605 3464 ate.
634 3444 667 3452 -
690 3421 844 3478 periculosis
874 3423 974 3467 iunctim
1007 3423 1037 3466 P.
1062 3423 1162 3468 Fuitne:
1188 3416 1316 3480 perteue?

312 3490 394 3546 (Ibid.)
415 3501 446 3534 ,τ-
467 3488 557 3546 sophos
578 3503 602 3549 g.
624 3489 680 3546 (uon
696 3492 787 3534 notavit
804 3492 887 3547 Vinc.)
923 3489 978 3549 (10)
998 3491 1087 3536 Totum
1105 3489 1175 3550 quia]
1196 3506 1219 3552 p.
1244 3495 1270 3537 S.
1285 3511 1315 3524 ·-

311 3568 433 3620 totumque
452 3575 476 3620 g.
497 3561 571 3604 Satur.
593 3581 622 3592 ·-
642 3565 717 3603 totum
734 3574 795 3618 quue
814 3563 849 3618 (ut
866 3575 937 3616 saepe
955 3576 1017 3620 quoe
1035 3576 1080 3616 pro
1098 3563 1153 3620 que)
1172 3558 1201 3608 Ρ.

364 3633 423 3675 Fun.
445 3630 539 3674 XVIII.
589 3626 705 3674 GANUM
728 3629 866 3690 LEGATI]
892 3646 916 3686 p.
941 3632 966 3674 S.
990 3653 1019 3662 -
1040 3628 1145 3686 ,CANES
1161 3625 1316 3684 LEGATOS

310 3703 341 3746 P.
362 3702 391 3744 R.
430 3698 467 3758 (2)
485 3722 513 3732 -
534 3701 640 3743 mehor-u
659 3701 722 3743 citae
739 3705 851 3758 temporo
870 3701 952 3744 IJrsIn.
973 3701 1040 3747 Brot.
1077 3698 1116 3757 (3)
1135 3698 1171 3759 ut]
1190 3699 1312 3746 Burnus.

311 3792 343 3806 -·
362 3772 398 3814 uti
415 3771 445 3814 P.
467 3784 490 3825 p.
511 3771 555 3825 (De
569 3771 598 3814 tt.
621 3784 667 3813 non
690 3770 748 3814 satis
773 3770 886 3824 constat.)
923 3768 1008 3826 (thid.)
1027 3767 1146 3828 eriperet]
1165 3771 1227 3816 Gud.
1246 3774 1271 3814 S.
1286 3787 1311 3798 ·-

312 3837 439 3898 abriperet
456 3841 487 3884 P.
504 3841 534 3886 R,
554 3839 623 3896 (teste
642 3839 724 3892 viee.)
744 3853 767 3894 p.
790 3861 818 3871 -
839 3841 950 3896 eriperet
966 3841 995 3886 u.
1016 3842 1087 3896 (teste
1109 3838 1184 3892 Gud.)
1227 3840 1264 3898 (i)
1284 3857 1313 3870 ν

304 3908 455 3969 suasoribus
476 3911 505 3954 P.
528 3911 558 3954 tt.
604 3906 692 3967 (ibid.)
712 3908 885 3968 conspersum]
910 3911 935 3956 S.
956 3931 984 3942 -
1005 3923 1170 3966 consparsum
1189 3911 1218 3954 P.
1238 3911 1267 3953 II.
1290 3921 1312 3960 μ’

312 3978 396 4045 (thid.)
415 3978 515 4040 durent]
533 3994 558 4036 p.
578 3981 604 4026 S.
627 4001 656 4025 -.-
677 3978 750 4035 duret
767 3979 795 4024 Ρ.
813 3980 843 4038 II.
887 3975 944 4038 (tt)
963 3977 1063 4037 Merui]
1083 3993 1106 4036 p.
1128 3981 1154 4024 S.
1175 4003 1209 4025 .-
1226 3971 1314 4034 aurati
