2796 4746
312 315 354 377 30

311 459 352 520 ad
370 454 517 540 Ligerim
539 456 627 537 (non
648 456 688 518 ad
708 456 881 532 Oscarum,
918 465 953 518 ut
979 453 1107 542 quidam
1129 455 1194 538 ait)
1224 455 1305 524 Cal·

219 620 220 623 ,
314 549 449 622 vinistae
484 557 675 635 intulerunt,
712 557 774 622 sibi
807 557 1007 635 vindicavit3
1045 581 1136 636 mox·
1152 560 1235 624 idem
1263 564 1305 623 ad

312 661 440 728 Petavii
468 660 626 724 senatoris
654 683 762 725 manus
790 659 934 740 devenit;
972 660 1168 743 Christinam
1190 662 1304 728 deinde

314 767 451 828 Suecam
484 763 643 828 dominam
675 743 802 840 habirit3
845 775 1013 847 postremo
1045 764 1078 829 in
1105 765 1307 831 bibliotheca

312 854 471 932 Vaticana
482 889 553 930 cum
570 865 684 931 ceteris
701 865 844 952 Reginae
858 866 1024 932 codicibus
1036 867 1229 933 collocatum
1240 879 1305 932 est.

380 971 520 1049 Quartus
546 969 688 1034 Phaedri
711 973 815 1034 codex
836 969 892 1032 ille
917 981 963 1032 est
979 961 1181 1048 Parmensis,
1219 993 1305 1033 nunc

313 1071 562 1155 Neapolitanus,
586 1094 650 1158 quo
673 1074 828 1138 Perottus
849 1071 974 1135 fabulas
993 1074 1135 1138 Phaedri
1156 1073 1305 1157 cognitas

314 1174 468 1274 XXXIJ.
481 1175 679 1261 totidemque
691 1196 792 1238 novas
809 1175 990 1259 descripsit.
1027 1179 1136 1262 Atque
1151 1179 1304 1240 hactenus

315 1277 595 1346 Phaedrianorum
624 1277 742 1342 notitia
765 1279 913 1342 codicum
943 1279 1087 1343 adestis
1109 1279 1302 1358 traditore).

313 1382 433 1465 (Mitto
442 1380 524 1445 enim
533 1380 765 1447 Divionensem
780 1385 936 1468 quendam
951 1393 982 1445 et
993 1381 1126 1446 alterum
1138 1381 1303 1446 Weissen-

313 1489 526 1571 burgensem‚
558 1483 708 1571 quoniam
731 1485 765 1549 bi
787 1506 852 1548 non
875 1487 1075 1563 Phaedrum,
1109 1489 1166 1549 sed
1187 1488 1304 1548 barba·

236 1595 239 1604 '
314 1589 400 1653 ricas
420 1588 601 1678 fabularum
620 1588 688 1652 eius
706 1589 919 1671 paraphrases
931 1610 1008 1670 prae
1020 1611 1053 1651 se
1068 1589 1206 1670 serunt.)
1228 1590 1303 1672 Ego

315 1696 439 1756 demum
461 1689 604 1778 quintum
627 1690 770 1755 Phaedri
796 1690 958 1768 codicem,
994 1690 1304 1757 Vaticanum-Urbi-

314 1807 418 1861 natem
440 1794 582 1872 scilicet,
606 1796 646 1857 ad
665 1793 756 1878 vulgi
780 1794 998 1878 cognitionem
1013 1798 1157 1872 deduco,
1180 1799 1302 1880 dequo

314 1899 348 1964 in
377 1897 545 1981 superiore
575 1895 697 1961 monito
730 1908 801 1960 ante
830 1897 955 1962 fabulas
983 1920 1084 1964 novas
1106 1902 1206 1964 rerba
1225 1898 1300 1962 feci.

210 2037 215 2049 =
316 2004 397 2068 Mea
424 2011 528 2066 tamen
557 2000 657 2064 multo
680 1999 785 2063 maior
807 2000 858 2063 vel
878 1999 998 2068 laetitia
1019 2001 1130 2065 fuisset
1157 2002 1209 2065 vel
1231 2001 1301 2066 seli·

316 2105 414 2184 citas,
451 2104 479 2169 si
504 2125 570 2187 pro
592 2103 763 2168 Perottina
790 2102 947 2188 epitome,
986 2105 1130 2170 codicem
1162 2103 1300 2170 Phaedri
1380 2163 1381 2170 ,

314 2209 444 2294 plenum
465 2206 673 2284 invenissem,
707 2206 828 2296 inquo
853 2207 1041 2272 Perottinae
1063 2209 1192 2296 fabulae
1215 2222 1298 2273 exta·

315 2323 407 2377 rent:
432 2325 467 2375 ut
490 2315 528 2375 de
550 2311 691 2393 ipsarum
715 2305 896 2375 sinceritate
919 2315 1044 2374 tandem
1068 2312 1256 2396 aliquando,
1273 2309 1295 2374 si

315 2416 389 2481 lieri
410 2427 535 2498 potest,
560 2413 717 2478 certiores
739 2413 959 2478 efficeremur:
989 2418 1077 2501 quod
1095 2426 1130 2478 ut
1151 2415 1233 2479 mihi
1255 2415 1300 2479 rel
1380 2459 1381 2502 3

316 2520 386 2585 aliis
408 2518 547 2594 accidat,
571 2539 702 2600 sperare
723 2537 789 2581 non
812 2516 923 2580 ausim.

358 2625 454 2686 Nune
470 2632 572 2684 autem
591 2631 752 2705 superest,
778 2631 813 2682 ut
832 2624 871 2684 de
887 2619 1089 2701 Floriacensi
1102 2622 1301 2710 fragmento,

317 2728 406 2812 quod
417 2747 529 2807 reapse
544 2724 628 2788 inter
640 2723 820 2787 Vaticanus
836 2722 1019 2789 Christinae
1038 2728 1158 2790 Suecae
1175 2727 1303 2791 codices

317 2838 545 2902 conservatur,
560 2827 656 2909 paulo
672 2826 851 2890 accuratius
864 2827 983 2904 dicam3
1004 2829 1102 2894 immo
1116 2849 1196 2898 vero
1213 2829 1304 2916 quic·

316 2932 395 3019 quid
416 2954 456 2997 eo
489 2930 688 3008 continetur,
726 2934 815 3015 quod
846 2929 971 3020 oppido
992 2932 1141 3017 pusillum
1173 2944 1235 3010 est,
1272 2933 1303 2996 in

317 3037 384 3101 hoc
416 3056 488 3100 meo
524 3034 612 3099 libro
646 3033 817 3098 collocem.
862 3037 924 3099 Est
953 3034 981 3099 is
1015 3035 1149 3115 miscelli
1179 3037 1305 3122 generis

317 3141 442 3204 codex:
466 3157 537 3202 nam
560 3137 697 3220 primum
720 3137 865 3201 occurrit
880 3135 1037 3204 Guidoiris
1061 3141 1180 3203 musica
1194 3142 1304 3206 seculo

282 3305 283 3312 ,
316 3243 382 3308 ΧΙ.
400 3243 452 3306 vel
466 3243 559 3306 Xlla
572 3240 692 3323 scripta
702 3263 711 3317 ;
721 3252 723 3260 '
733 3239 778 3304 ita
793 3251 827 3303 ut
840 3242 906 3305 hnc
918 3243 1081 3324 exemplat·
1096 3244 1191 3307 aetati
1198 3241 1305 3330 'ipsius

317 3345 460 3413 auctoris
483 3367 602 3429 suppar
619 3343 672 3408 sit.
717 3345 782 3408 Sed
803 3342 883 3408 illud
908 3346 1081 3429 praecipue
1104 3346 1305 3411 animadver-

314 3452 443 3513 tendum
466 3460 530 3525 est,
546 3451 642 3534 'quod
659 3445 732 3510 heic
751 3447 858 3513 Guido
880 3433 965 3513 haud
979 3444 1148 3518 Arretinos
1168 3451 1304 3530 dicitur,

255 3625 258 3640 Ι
316 3556 373 3617 sed
402 3551 572 3634 tugensis.
623 3551 678 3615 Sic
699 3550 782 3614 enim
811 3551 843 3616 in
871 3552 975 3636 prima
1007 3553 1143 3640 pagina:
1184 3576 1307 3648 prooe-

316 3659 425 3718 mium
448 3657 609 3736 magistri
640 3653 800 3717 Guidonis
831 3652 993 3738 augensis
1026 3674 1127 3738 super
1158 3657 1306 3718 musico.

316 3755 441 3820 Deinde
464 3754 497 3818 in
520 3757 628 3820 eadem
649 3753 788 3840 pagina:
812 3759 933 3838 incipit
951 3765 1122 3818 tractatus
1144 3754 1306 3819 (luidonis

368 3907 394 3966 *)
418 3909 518 3970 Legesis
548 3911 729 3956 dissertationes
754 3909 865 3954 Phaedro
891 3907 1041 3964 praepositas
1069 3881 1159 3953 tn'ct.
1183 3904 1304 3952 Lemaerii

315 3980 441 4028 Par-isiaca
460 3981 574 4028 editione.
