2796 4746
80 478 225 559 Quorum
246 499 289 542 cx
302 477 448 566 reliquiis
462 479 597 544 aninum
618 501 678 548 nos
701 479 893 564 accipimus,

80 583 155 665 Ego
173 581 326 667 eloquens
347 581 381 646 in
399 605 498 667 pace,
520 583 621 650 fortis
644 583 795 667 proeliis,

78 685 159 749 Arte
185 685 272 750 omni
293 685 445 771 princeps
469 686 553 751 inter
573 689 721 773 aequales
742 685 802 752 fui.

80 788 129 850 En
151 799 265 851 cuneta
287 788 401 852 levitas
420 790 524 873 putrii
543 803 574 854 et
594 792 698 857 volito
721 792 817 856 cinis!

81 891 131 954 Tu
152 889 208 977 qui
226 890 315 956 fuisti
335 892 438 956 mulus
461 891 664 974 clitellarius,
721 889 728 898 ’

80 994 308 1081 Quemcunque
326 995 430 1060 visum
451 1010 499 1062 est
521 997 622 1064 laedis
642 998 744 1066 infixo
767 1001 894 1067 aculeo.

79 1097 123 1160 Et
145 1097 256 1181 Vespa
279 1097 407 1184 dignam
432 1101 578 1168 moribus
596 1125 711 1169 vocem
731 1103 850 1169 edidit:

80 1201 160 1266 Non
175 1198 232 1288 qui
253 1201 424 1282 fuerimus,
445 1208 502 1270 sed
524 1205 580 1292 qui
599 1228 683 1271 nunc
699 1207 812 1286 simus,
835 1205 922 1276 vide.
1026 1209 1071 1290 to,

455 1433 553 1494 [san.
579 1437 692 1494 xxm}

201 1628 203 1633 ,
257 1556 583 1629 TERRANEOLA
603 1559 666 1626 ET
688 1557 886 1628 VULPES.

279 1695 384 1750 Praete
404 1715 461 1752 nnn
481 1716 541 1753 csse
556 1697 645 1783 fidem
667 1698 863 1759 adhibendam

68 1815 72 1822 ¹
117 1827 223 1908 Avis,
246 1850 341 1916 quam
364 1829 473 1895 dicunt
493 1830 710 1899 terraneolam
730 1829 861 1908 rustici,

81 1928 118 1992 In
139 1940 229 1996 terra
249 1933 357 1996 nidum
380 1933 457 2020 quia
481 1934 649 2019 componit
670 1934 812 2012 scilicet,

81 2032 180 2099 Forte
202 2035 389 2102 occucurrit
408 2036 578 2121 improbae
599 2036 819 2120 Vulpeculae3

83 2135 151 2218 Qua
172 2137 260 2215 visa,
282 2139 395 2223 pennis
416 2141 511 2207 altius
533 2162 567 2206 se
588 2139 726 2206 sustulit.

83 2239 191 2319 Salve,
215 2240 321 2330 inquit
341 2243 412 2320 illa,
436 2265 494 2308 cur
515 2265 566 2312 me
588 2242 720 2329 fugisti,
744 2244 907 2311 obsecro?
1047 2246 1065 2309 5

82 2341 178 2424 Quasi
197 2367 265 2410 non
287 2348 411 2410 abunde
433 2345 475 2410 sit
495 2345 575 2412 mihi
596 2346 629 2411 in
650 2358 746 2431 prato
769 2346 880 2424 cibus,
1006 2359 1009 2366 '

84 2446 196 2527 Grilli,
219 2447 402 2526 scarabaei,
423 2449 621 2513 locustarum
643 2449 759 2534 copiae

82 2547 171 2614 Nihil
192 2563 259 2630 est,
282 2554 371 2638 quod
390 2564 527 2630 metuas,
549 2575 655 2638 rogo;
676 2562 709 2617 te
731 2553 863 2616 multum
885 2551 1005 2640 diligo,

83 2651 226 2738 Propter
246 2654 374 2741 quietos
396 2676 503 2729 mores
524 2667 557 2719 et
578 2655 676 2721 vitam
696 2658 847 2740 probam.

84 2754 265 2842 Respondit
285 2768 418 2823 contra:
444 2761 496 2822 Tu
516 2757 643 2844 quidem
666 2761 748 2824 bene
763 2758 952 2846 praedicam
1029 2761 1071 2824 to

84 2858 158 2924 Non
179 2883 249 2926 sum
268 2859 303 2924 in
325 2882 440 2945 campo
462 2883 523 2946 par
543 2860 620 2938 tibi,
643 2866 700 2927 secl
720 2885 788 2926 sunu
810 2867 868 2928 suh
893 2862 965 2928 dio:

87 2961 169 3044 Quin
190 2985 344 3054 sequere3
365 2965 498 3034 salutem
518 2962 579 3028 tibi
601 2965 769 3033 committo
792 2987 905 3032 meam.

453 3193 551 3254 [run.
574 3193 698 3254 axau]
734 3189 738 3197 ·

430 3314 724 3385 EPILOGUS.

353 3460 399 3512 n.
416 3463 467 3528 m,
489 3461 536 3530 qm·
553 3458 653 3527 egum
666 3457 797 3511 telenum.

127 3589 205 3656 Hoc
225 3588 443 3676 qualecunque
466 3597 513 3652 est
533 3574 633 3652 Musa
653 3590 743 3674 quod
761 3587 843 3652 ludit
864 3609 949 3665 mea,

139 3872 198 3924 Fan.
219 3875 305 3922 XXX.
341 3872 383 3930 (l)
397 3869 623 3932 praetervolitans]
638 3871 678 3914 Sic
690 3871 787 3926 scripsi.
804 3893 836 3904 -
845 3869 1074 3928 praetervolitantes
1188 3907 1190 3916 .

92 3942 145 3986 Vat.
180 3945 222 4001 (ln
241 3947 316 4003 Neap.
338 3941 455 4000 evanuit.)
502 3939 548 4002 μ)
578 3938 704 4000 eloquens]
723 3941 744 3985 1.
766 3940 796 3985 Z.
828 3962 860 3974 -
889 3939 992 3999 loquens
1015 3942 1071 3986 Vnt.
1174 3951 1191 3960 “·

93 4009 163 4068 Neap.
