2788 4772
107 545 113 557 ,
211 501 319 578 (atque
343 491 513 572 Utinensis)
536 513 552 554 a
579 483 753 556 Schwabio
778 491 825 555 V.
850 490 892 557 C.
919 504 1064 575 accurate
1086 469 1236 570 εᾱῑῐιιεςΝ

211 599 306 660 ambo
321 608 423 658 tamen
443 595 577 657 maxima
598 615 667 656 cum
691 593 834 657 cautione
857 595 1060 660 consulendi:
1091 597 1210 680 quippe

211 699 265 782 qni
286 683 423 782 iigatum
444 696 583 763 Phaedri
604 718 782 760 sermonem
804 697 982 774 solventes,
1007 699 1092 762 omni
1114 699 1211 762 inter·

138 865 141 872 ,
210 800 380 886 prelationis
401 822 519 884 genere
534 801 681 864 consulto
703 799 771 874 usi,
796 795 924 862 suorum
941 802 1119 864 seculorum
1136 804 1210 864 bar-

210 905 310 968 bariei
333 905 385 967 vel
406 903 495 966 inviti
516 903 635 966 suerint
657 903 802 966 obnoxii.

272 1009 302 1072 I·
327 1005 479 1071 Codicem
501 1007 711 1068 Pithocanurn
739 1005 988 1082 accuratissime,
1012 1005 1056 1069 ita
1078 1019 1113 1070 ut
1134 1005 1210 1070 mihi

210 1111 337 1197 quidem
354 1108 557 1191 paucissimis
584 1107 662 1172 locis
696 1108 783 1170 dubii
816 1108 933 1194 aliquid
962 1111 1207 1189 remanseriti),

209 1235 312 1298 nuper
333 1212 427 1275 edidit
448 1213 591 1296 Berger:

271 1313 474 1390 Phaedri,
509 1317 604 1397 Aog.
636 1314 1020 1389 Liberti,.Fahnlarttm
1042 1315 1209 1398 Aesopia·

208 1443 287 1485 ram
317 1419 423 1481 libros
448 1428 598 1501 quatuor
622 1441 669 1479 ex
693 1418 815 1482 Codice
841 1420 924 1480 olim
953 1419 1207 1496 Pithoeano,

209 1523 329 1586 deinde
347 1519 630 1594 Peleteriano,
657 1520 800 1582 nuncin
823 1521 1022 1584 bibliotheca
1040 1523 1120 1588 Viri
1146 1541 1210 1585 ex-

209 1623 438 1688 cellentissimi
458 1645 499 1685 ae
527 1623 731 1688 nobilissimi
759 1627 817 1687 Ln
827 1626 859 1686 d.
889 1624 1135 1706 Lepeletier
1163 1627 1208 1688 de
1294 1707 1297 1716 Ι

210 1728 429 1804 Rosanbo,
465 1728 705 1803 Marchionie,
735 1726 837 1790 Paris
859 1727 1044 1804 Franciae,
1067 1729 1209 1810 amplis·

208 1831 297 1896 simo
320 1830 463 1895 Senatui
484 1851 508 1891 a
537 1829 677 1893 seeretis
702 1839 788 1890 caet.
815 1842 902 1892 caet.
927 1842 1092 1894 contexto
1116 1830 1209 1893 codi-

205 1935 256 1998 cis
277 1954 367 1996 nune
389 1933 543 2016 primam
567 1932 700 2014 integre
724 1929 764 1992 in
790 1931 901 1994 tricem
923 1936 1080 2015 prolato,
1110 1933 1206 1995 adie-

208 2049 329 2122 ctaque
357 2035 522 2099 varietate
540 2033 694 2100 iectionis
718 2058 736 2096 e
753 2035 868 2096 codice
885 2035 1062 2112 Remenei,
1097 2036 1211 2098 incen-

208 2139 267 2203 dio
292 2150 512 2221 consumpto,
549 2159 573 2199 a
601 2139 705 2200 Dom.
742 2137 922 2202 Vincentio
954 2138 1037 2200 oiim
1062 2150 1210 2215 ,enotata

207 2265 285 2316 etim
306 2239 578 2327 prolegomenis,
607 2239 849 2314 annotatione,
874 2239 985 2302 indice
1012 2241 1119 2303 edidit
1145 2241 1209 2304 Iu-

145 2326 148 2332 ⁵
207 2345 287 2408 lius
319 2345 478 2428 Berger
511 2345 553 2405 de
582 2343 758 2422 Xivrey.
815 2341 979 2419 Parisiie,
1018 2344 1209 2408 excedebat

206 2447 412 2514 Ambrosius
430 2447 601 2510 dirminite
622 2445 743 2510 Didot.
768 2444 1053 2511 MDCCCXXX.
1077 2447 1109 2509 8.
1130 2469 1206 2530 pag.

208 2549 298 2613 2⁶6„
327 2547 587 2634 Elegantissime
605 2547 699 2610 huius
722 2548 867 2612 editionis
884 2550 1008 2613 nonnisi
1029 2547 1206 2614 CCXXV.

208 2652 399 2732 exemplaria
422 2662 545 2714 exstant
570 2651 693 2735 singula
713 2673 773 2714 suo
796 2673 927 2715 numero
951 2652 1110 2736 insignita.

271 2756 361 2830 Haec
380 2767 482 2818 autern
495 2756 620 2840 Berger
635 2753 730 2817 tradit
742 2757 780 2817 de
794 2753 878 2819 cod.
888 2754 1067 2819 Pithoeano
1083 2778 1117 2838 p.
1131 2757 1209 2828 ern

266 2895 304 2949 Le
323 2893 508 2962 fac-simile,
536 2899 583 2968 qui
602 2901 644 2946 est
660 2900 724 2967 pris
741 2913 791 2945 eur
810 2895 840 2946 Ia
854 2895 991 2966 premie're
1010 2896 1106 2948 moitie'
1125 2895 1207 2948 dela

205 3006 283 3064 page
310 2995 361 3054 70,
396 3007 537 3072 prouve'ra
561 3007 621 3040 aux
645 2993 840 3041 connaisseurs
864 3007 915 3059 que
940 2989 965 3040 le
991 2995 1146 3041 manuscrit
1174 2989 1208 3041 de

209 3081 338 3138 Rosanbo
357 3080 426 3136 n'en
451 3090 652 3135 certainement
667 3099 722 3153 pas
737 3083 801 3153 plits
820 3083 915 3134 rdeent
941 3101 990 3153 qne
1009 3084 1035 3134 le
1056 3084 1097 3134 Χι
1115 3085 1207 3137 siecle.

210 3181 238 3231 Il
261 3186 303 3228 est
328 3181 389 3227 tout
414 3182 502 3229 entier
520 3176 601 3228 d’nne
624 3176 783 3227 tres-belle
808 3181 1017 3230 conservation.
1054 3177 1207 3230 L'e'criture

211 3280 255 3324 est
279 3270 313 3322 de
338 3270 368 3321 Ia
386 3268 448 3339 plut
467 3270 577 3340 grande
595 3270 770 3339 rignlnrit&
802 3273 869 3321 e'est
887 3278 959 3321 cette
978 3270 1128 3322 minuscule
1152 3289 1207 3322 ar-

212 3363 309 3419 randie
329 3362 366 3413 du
385 3361 426 3413 Xe
445 3365 521 3418 stete
539 3383 590 3435 que
609 3365 649 3416 les
665 3361 855 3435 calligraphes
874 3361 907 3415 de
919 3363 1051 3415 Florence
1064 3365 1207 3416 imite'rent

211 3479 249 3512 an
268 3457 371 3524 XVI‘,
390 3460 463 3506 mais
482 3477 512 3509 nn
531 3459 687 3510 diminuant
705 3459 735 3509 la
755 3457 909 3510 dimension
928 3457 973 3508 des
992 3458 1104 3525 lettres,
1131 3467 1160 3509 et
1173 3475 1209 3510 en

213 3558 316 3604 ornant
334 3551 409 3602 leurs
427 3550 594 3618 musitantes
618 3551 652 3603 de
665 3552 756 3620 solies
774 3552 958 3625 arabesqnes,·
987 3551 1082 3603 tondis
1100 3569 1150 3622 qne
1168 3553 1209 3604 les

214 3649 383 3696 manuscrits
401 3642 451 3694 des
469 3643 523 3695 ῙΧ·
540 3655 570 3699 et
589 3647 630 3700 Ι(ε
647 3647 745 3697 sidetes
763 3647 843 3699 n'ont
860 3646 885 3697 ie
895 3646 961 3717 plus
973 3652 1091 3697 soitvent
1103 3663 1209 3696 arietine

265 3872 291 3934 ⁸)
309 3875 416 3930 Exempli
441 3875 516 3933 grntia
539 3875 590 3922 Lib.
615 3875 639 3926 3.
667 3879 767 3936 Protog.
792 3889 815 3920 i.
837 3873 878 3920 52.
905 3881 983 3920 utrum
1002 3876 1062 3920 Cod.
1082 3875 1147 3920 Pith.
1167 3877 1208 3919 hn-

213 3948 286 3994 beai:
303 3945 382 4004 potuit
398 3945 423 3989 ei
440 3943 506 3998 An,
526 3951 551 3989 ut
569 3950 665 3992 testatur
682 3949 791 4006 Berger,
812 3957 856 3990 an:
872 3946 954 4004 potnit
971 3944 1017 3992 An.
1039 3945 1094 3991 Lib.
1115 3943 1145 4002 ⁴,
1165 3943 1207 4000 25,

217 4017 242 4063 8.
261 4019 322 4062 tatto
341 4015 432 4060 ridetur
450 4015 510 4061 Cod.
528 4016 593 4060 Pith.
611 4020 715 4064 tribuero
735 4016 856 4060 tetmaris
875 4029 918 4070 pro
937 4015 1023 4058 morie.
