2768 4750
72 523 113 587 Id
135 545 233 608 quum
256 521 353 586 sorte'
366 519 521 586 meretrix
543 523 567 598 †
589 520 671 585 ridet
694 519 846 597 validius,

73 628 105 690 N
124 672 134 690 .
153 669 163 689 .
182 671 220 690 ..
244 626 363 709 reple.
384 669 421 692 ..
445 627 580 703 humor,
606 637 640 689 ut
661 627 732 689 lieri
752 627 848 691 solet.

72 731 499 814 E..ngere.g....=s
516 773 639 793 .....
663 727 981 796 ns...nditmanu
1045 730 1085 794 15

72 832 256 916 'l'raxitque
280 835 319 895 ad
340 844 458 896 terram
481 831 549 895 nesi
572 831 845 918 ...gitudinem

72 937 116 1000 Et
139 936 171 999 al
189 980 199 1000 .
219 980 258 1001 ..
281 936 388 1000 ridens
410 935 478 1019 ipsa
501 935 629 999 ridenda
653 935 786 1000 exstitit.

492 1137 589 1200 [sas.
615 1138 676 1200 tu]

281 1289 608 1355 PROMETHEUS
631 1291 693 1354 ET
715 1288 885 1354 DOLUS.

338 1435 392 1497 De
413 1429 558 1494 veritate
579 1441 613 1494 et
635 1429 825 1494 mendacio.

138 1552 226 1619 Olim
251 1553 468 1618 Prometheus
490 1553 515 1628 †
537 1551 633 1616 seculi
657 1549 733 1615 novi
758 1545 876 1638 figulus

73 1655 172 1720 Creta
197 1657 306 1720 subtili
327 1655 508 1720 Veritatem
530 1657 663 1732 lecerat,

73 1761 117 1824 Ut
139 1759 211 1823 iura
234 1770 346 1842 posset
368 1759 450 1822 inter
472 1759 618 1825 homines
640 1761 785 1824 reddere.

73 1864 188 1928 Subito
213 1862 386 1926 accersitus
411 1863 522 1928 neuntio
545 1863 652 1947 magni
676 1862 766 1928 Iovis

74 1965 289 2030 Commendat
313 1966 469 2030 officinam
491 1967 598 2030 fallaci
620 1967 728 2045 Dolo,

72 2069 109 2132 In
133 2069 332 2151 disciplinam
356 2089 457 2153 nuper
480 2091 574 2154 quem
597 2083 774 2153 receperat.

74 2173 137 2235 Hic
158 2171 267 2238 studio
291 2193 459 2250 accensus,
483 2173 565 2238 facie
587 2173 789 2237 simulacrum
813 2174 902 2256 pari,

74 2277 145 2340 Una
167 2289 307 2352 statura,
332 2274 433 2340 simile
456 2289 487 2340 et
509 2277 660 2340 membris
683 2277 849 2355 omnibus,

73 2379 157 2443 Dum
182 2392 308 2462 tempus
333 2379 460 2458 habuit,
485 2381 597 2444 callida
622 2379 713 2443 finxit
735 2403 841 2444 manu.

75 2484 172 2564 Quod
194 2505 300 2568 prope
322 2481 383 2546 iam
406 2494 506 2548 totum
532 2484 608 2547 mire
631 2503 727 2569 quum
750 2485 889 2566 positum
911 2485 1016 2564 soret,
1050 2488 1090 2548 to

75 2586 195 2649 Lutum
220 2589 260 2648 ad
281 2585 444 2650 faciendos
466 2585 513 2650 illi
536 2587 653 2650 defecit
676 2588 785 2670 pedes.

75 2687 172 2753 Redit
195 2689 371 2776 magister:
397 2711 462 2775 quo
485 2693 509 2767 †
531 2691 699 2754 festinante
721 2691 828 2757 Dolus

75 2793 168 2856 Metu
191 2796 342 2857 turbatus
362 2793 393 2856 in
417 2811 477 2859 suo
500 2793 582 2857 sedit
604 2792 693 2860 loco.

76 2896 204 2961 Mirans
227 2897 443 2972 Prometheus
466 2909 585 2960 tantam
609 2898 861 2978 similitudinem,

77 2999 239 3084 Propriae
262 2999 364 3064 rideri
387 2999 491 3064 voluit
514 3001 591 3064 artis
614 3001 764 3086 gloriam.

78 3100 184 3184 Igitur
206 3103 333 3186 fornaci
354 3103 477 3186 pariter
499 3107 563 3166 duo
586 3105 676 3189 sigua
699 3103 822 3182 intulit}

80 3203 205 3283 Quibus
227 3206 390 3292 percoctis
414 3220 509 3294 atque
528 3207 634 3274 inluso
658 3209 789 3292 spiritu,

79 3429 162 3482 Neres
180 3437 325 3496 repleritl.
347 3437 376 3484 G
398 3439 428 3485 Z.
454 3436 511 3498 (15)
528 3446 567 3488 ω
583 3435 728 3502 Emungere
746 3437 827 3502 igitur
844 3453 872 3487 re
890 3443 974 3488 rolens
989 3441 1093 3500 prendit

80 3509 194 3553 montel.
216 3509 245 3556 Ζ.
270 3509 396 3567 (Priorem
415 3523 482 3554 suern
507 3512 570 3556 coni.
614 3509 653 3555 Ea
671 3519 696 3556 to
682 3525 780 3572 ereugus
798 3514 879 3573 igr'tttr
898 3521 925 3558 te
944 3511 1089 3572 imprudens

77 3575 180 3629 pendet
193 3593 270 3624 ιιιιιηιι
288 3593 339 3636 epse
351 3581 436 3625 reiecit
452 3579 535 3636 lanu)
565 3580 907 3642 (ldldtolongr'tucliueml.
928 3585 957 3630 Ζ.
978 3581 1089 3638 (mmo

80 3644 157 3690 oliam
176 3650 204 3698 B.
225 3650 256 3694 Ζ.
279 3669 309 3684 -·
329 3651 408 3694 olium
429 3651 469 3695 l..

129 3717 190 3764 Pam
211 3720 254 3764 tv.
275 3720 312 3776 (1
330 3718 581 3783 ωιιιιιὶίβςιιίιιι
600 3729 657 3772 poet
648 3723 694 3766 il.
716 3722 745 3766 C.
767 3723 799 3769 Ζ.
835 3721 926 3777 (2).-
897 3719 1014 3765 ι-ίίινα
1033 3721 1089 3765 sub·
1182 3739 1194 3753 .

80 3783 165 3832 tilr'C.
202 3787 294 3845 (ll-¹:
317 3792 507 3835 arcesseruez.
554 3791 608 3846 (12)
626 3792 689 3836 tted
690 3794 747 3840 i.tl
768 3804 870 3852 stoque
883 3790 1089 3864 spetinnmemtt

81 3851 110 3894 Ζ
129 3856 262 3904 Vera-
229 3857 385 3918 -seatiuo
386 3866 426 3904 ute
454 3875 501 3920 quo
527 3862 548 3906 l.
574 3861 604 3906 C.
651 3861 762 3916 (rt)
781 3856 977 3922 perdueltione
964 3863 1035 3906 etl
1058 3862 1088 3909 Ζ.

81 3918 138 3984 (22)
169 3950 201 3963 ·-
219 3927 304 3988 sutile
291 3931 385 3989 sputis
408 3933 533 3977 concrete
534 3933 595 3977 etl
618 3933 647 3976 Z.
668 3933 928 3988 purumprebnbililer
947 3937 999 3975 utru
987 3945 1087 3990 r.urtqus

83 4003 127 4046 quo
145 3997 196 4044 iore
216 4002 280 4045 enirn
299 4014 311 4046 e
331 4000 454 4046 Codicis
445 4015 499 4060 epae
516 4003 606 4047 facias
627 4019 660 4036 ⁴-
685 4002 761 4061 qer's?
780 4005 866 4047 senten
870 4004 901 4046 tia
920 4003 965 4046 hoc
983 4002 1035 4046 fere
1052 4017 1090 4046 re·

83 4062 253 4130 turitperbs
274 4085 320 4116 ιιοιι
340 4075 467 4127 μιιιιοιῑο)
494 4071 560 4132 quod
578 4085 644 4132 nege
629 4079 672 4118 unt
693 4069 766 4130 roplre'
783 4071 861 4118 Pedes
886 4060 985 4117 tabere.
1005 4071 1092 4118 t'nette
