2788 4772
312 515 345 592 6)
363 514 432 573 LIb.
455 511 480 569 I.
508 509 563 568 XI.
585 511 631 568 15.
654 507 671 539 θ’
690 506 790 578 Qualis
808 501 922 557 videtur
940 515 1027 572 opera
1050 497 1102 551 tibi
1121 500 1200 550 uocis
1218 513 1299 548 meae

692 599 730 657 G.
753 596 829 655 Sed:
862 595 963 667 Qualis
982 592 1033 656 ubi
1059 595 1138 646 uocis
1156 609 1233 644 meae
1241 596 1301 648 „oi-

691 693 773 747 detur·
791 708 878 763 opera
896 688 933 749 R.

314 803 344 866 7)
418 835 433 866 „
527 831 542 863 ν
581 792 627 850 15.
650 787 666 822 *i
677 785 828 861 fregissem
847 792 921 838 metu
940 781 976 840 R.
999 779 1037 836 H.

419 928 435 960 „
491 883 560 941 XII.
588 888 615 940 1.
637 888 665 938 2.
686 883 773 951 Saepe
793 896 853 930 esse
866 878 999 943 utiliora,
1018 891 1088 946 quae
1100 875 1303 942 contempseris

686 975 756 1028 Eius
775 972 823 1040 (R.
846 972 884 1027 G.
904 971 1003 1021 Eiusoe
1015 966 1071 1034 H.)
1085 971 1127 1020 rei
1139 955 1220 1019 iestis
1231 964 1301 1015 haec

383 1142 386 1151 .
687 1071 819 1120 narratio
843 1072 894 1117 est.
913 1063 949 1119 R.
972 1059 1009 1118 G.
1031 1059 1070 1116 Η.

419 1209 439 1248 u
509 1171 539 1237 u¹
600 1164 628 1220 4·
681 1161 799 1234 fagiem
819 1155 858 1214 H·
1052 1153 1054 1158 Δ
1121 1149 1122 1152 ¹
1156 1149 1157 1160 ¹

420 1302 436 1332 ,‚
511 1299 527 1326 u
583 1263 630 1312 ¹12.
687 1255 795 1307 dedisse
821 1271 917 1304 vocem
942 1249 1014 1302 hauc
1032 1247 1071 1304 H.
1099 1245 1171 1302 sed:
1202 1263 1301 1299 vocem

436 1341 438 1346 ,
689 1349 760 1402 hauc
781 1347 887 1398 dedisse
908 1343 945 1400 G.

417 1489 437 1520 .‚‚
512 1487 527 1518 ,‚
586 1443 630 1503 121.
650 1443 667 1476 ff
689 1443 780 1496 Utilia
798 1439 866 1492 miii
884 1457 966 1511 oziam
977 1435 1094 1509 fieeriut
1113 1432 1209 1492 R.·H.
1247 1483 1249 1488 ,
1282 1460 1293 1475 .

419 1583 435 1613 ῃ
479 1538 562 1596 XIII.
601 1546 628 1596 1.
687 1537 742 1606 Qui
760 1553 789 1587 se
806 1533 920 1586 laudari
933 1531 1058 1600 goudeut
1070 1529 1164 1580 verbis
1175 1525 1304 1578 subdolis

690 1613 762 1683 Sera
781 1628 852 1680 daut
866 1643 972 1697 poenos
988 1628 1099 1695 tarpeis
1116 1625 1302 1694 poenitentia.

686 1723 724 1780 R.
746 1720 822 1778 Sed:
856 1721 934 1790 Quae
953 1703 1023 1793 (sic)
1042 1735 1072 1768 se
1091 1714 1204 1767 laudari
1222 1731 1303 1784 gau-

691 1817 758 1869 dent
768 1815 863 1869 verbis
879 1813 1002 1866 subdolis
1016 1811 1101 1864 Serae
1114 1809 1186 1861 daut
1194 1825 1305 1881 poenas

695 1919 790 1982 turpes
805 1911 1005 1982 poenitentiae.
1024 1903 1062 1960 H.

623 2042 631 2060 .
688 2005 796 2075 Vulpes
814 2011 846 2052 ut
864 2000 941 2052 vidit
959 1997 1057 2050 dehine
1075 1998 1113 2055 R.
1126 1994 1202 2066 Sed:
1223 1996 1303 2051 Vul-

688 2115 740 2170 pes
759 2105 791 2148 ut
809 2095 885 2149 vidit
904 2093 1002 2144 deiude
1021 2090 1060 2148 H.
1246 2092 1249 2096 ’

624 2229 632 2246 .
690 2190 817 2244 decorem
835 2188 872 2244 R.
893 2186 933 2246 Η.
956 2183 993 2242 G.

626 2323 633 2340 .
688 2283 787 2357 ‚,Mss.
809 2279 921 2338 habent
950 2281 1081 2333 latiorem
1108 2278 1173 2330 dum
1191 2288 1222 2334 et
1239 2277 1304 2331 diem

595 2437 597 2441 ,
692 2367 807 2432 etiam'.”
846 2374 885 2430 Η.
914 2373 1062 2431 Videntur
1087 2372 1180 2440 haec,
1210 2383 1244 2428 ut
1262 2370 1298 2426 N.

693 2476 740 2534 18.
762 2470 917 2546 desumpta
946 2485 961 2523 e
980 2464 1112 2523 barbaro
1139 2467 1238 2542 aliquo
1257 2465 1300 2521 ia·

554 2639 560 2646 .
616 2583 617 2586 ’
691 2563 831 2622 bolarum
845 2564 1013 2638 scriptore,
1031 2572 1064 2616 ut
1077 2570 1147 2616 sunt
1160 2559 1302 2616 Romulus

695 2669 725 2715 et
744 2659 923 2731 Anonymus
941 2653 1088 2712 Nilantii..

519 2795 535 2827 2
592 2756 638 2812 11·
692 2753 786 2824 vulpis
805 2749 845 2806 H.
884 2783 886 2803 I

516 2889 531 2921 ,2
588 2852 633 2903 12.
690 2846 770 2899 Tunc
790 2843 828 2901 H.

517 2980 532 3012 ,,
589 2944 634 2998 12.
691 2937 788 3010 „Mss.
819 2935 890 2994 libri
918 2937 967 2994 hic
997 2933 1153 3006 exhibente
1196 2934 1305 2988 Coruus

696 3050 747 3085 our
763 3031 868 3083 dolosis
878 3029 993 3103 fuisset
1005 3031 1136 3102 deceptus
1149 3026 1304 3100 fraudibus

694 3132 838 3197 ignavius.
875 3124 977 3182 Vossii
997 3124 1092 3181 codex
1108 3119 1211 3178 habet:
1233 3121 1304 3174 Cer-

697 3222 778 3273 donis
791 3221 879 3275 dolos.
889 3219 906 3244 '’
924 3218 966 3274 H.

425 3358 440 3390 ,‚
483 3311 566 3376 XVI.
608 3322 634 3374 1.
690 3315 851 3368 Fraudator
870 3332 969 3367 nomeu
987 3330 1070 3386 quum
1082 3311 1159 3364 locat
1172 3326 1303 3382 sponsore

696 3409 821 3481 improbo
840 3407 877 3464 R.
967 3452 970 3461 .

317 3581 319 3585 .
428 3546 443 3576 ‚,
481 3503 578 3562 XVII.
614 3510 641 3566 5.
662 3503 680 3536 '¹‘
698 3501 894 3557 Commodasse
913 3500 950 3558 R.
971 3499 1010 3556 H.
1033 3497 1071 3556 G.

404 3623 406 3628 ·
628 3639 636 3654 .
692 3597 802 3652 Debere
821 3595 859 3652 H·
1008 3631 1011 3638 ·
1081 3633 1086 3640 ·

630 3732 638 3747 .
694 3691 804 3749 Videres
822 3688 914 3758 (unde
934 3687 1014 3744 coni.
1026 3687 1053 3733 ³⁸
1072 3682 1192 3760 Bidens).
1208 3685 1246 3741 H.
1269 3685 1304 3743 G.

576 3827 582 3842 .
633 3824 640 3840 .
696 3791 803 3857 iuquit,
824 3786 875 3837 illa
894 3781 930 3839 R.
951 3781 991 3837 H.
1010 3781 1051 3838 G.

588 3917 592 3926 .
634 3919 640 3934 .
697 3878 809 3952 confido
829 3877 880 3930 hoe
899 3879 960 3930 loco
980 3875 1018 3932 H.

633 4012 640 4028 .
697 3979 807 4026 initium
827 3971 872 4028 H.
