2768 4750
997 366 1056 428 441

113 507 166 572 V.
193 505 450 597 Freibergensis,
472 503 612 568 incertae
627 503 748 582 aetatis,
765 504 854 568 coins
871 503 1021 570 lectiones
1041 528 1060 570 a

46 610 123 674 viro
142 611 286 694 qnodarn
307 611 405 673 docto
424 607 671 672 Schwarzianae
687 605 817 674 editioni
838 610 1012 692 adscriptas
1028 621 1061 674 et
1125 644 1128 653 ·

46 735 64 776 a
93 711 370 796 spangenbergio
399 733 468 772 ctam
494 709 653 774 Seebodio
676 711 722 774 V.
746 709 788 776 C.
813 713 1059 777 communicatas

44 816 99 878 hic
129 813 275 878 inseruit
303 813 525 878 Miscellaneis
553 814 643 879 suis:
686 816 818 894 (Neues
841 815 968 880 Archiv
983 813 1060 906 sr'ir

45 916 250 1000 Philologie
273 917 320 983 .2.
344 918 529 1000 Jahrgang
555 916 590 979 2.
617 914 721 1008 Heft.
753 939 829 1002 pag.
854 919 928 982 125.
952 921 1059 1003 seqq.)

45 1020 156 1084 Nobis
183 1022 224 1086 Ε.
273 1054 276 1064 =
741 1006 745 1026 ¹
1106 1002 1111 1013 ⁴

93 1162 95 1168 ·
112 1123 182 1188 VI.
207 1118 378 1185 Siciliensis
391 1143 462 1185 enm
477 1121 654 1187 Scholiasta
670 1134 702 1186 et
716 1120 840 1207 figuris,
853 1122 990 1186 incertae
1006 1143 1060 1186 ae-

46 1226 137 1289 tatis.
187 1223 340 1290 Fortasse
361 1224 454 1288 etiam
476 1247 560 1288 nnnc
580 1225 732 1292 Panormi
756 1237 859 1291 exstat
882 1226 915 1289 in
943 1225 1060 1290 biblio·

48 1331 144 1392 theca
171 1329 326 1404 Senatus,
356 1348 454 1412 qrtum
478 1327 694 1412 Goettlingius
717 1330 763 1393 V.
788 1328 830 1394 C.
853 1328 928 1392 mihi
950 1349 1060 1392 narra·

48 1431 110 1509 rit,
135 1430 186 1493 ibi
213 1449 231 1522 a
253 1448 287 1494 se
308 1429 378 1520 nisa
400 1449 470 1493 esse
498 1429 663 1498 Ciceronis
681 1432 816 1499 Aratea.
858 1432 963 1496 Huius
981 1431 1060 1496 fide·

49 1535 79 1598 le
95 1519 270 1598 admoditm
290 1531 427 1600 ἔκτυπον
448 1531 575 1598 videtur
593 1533 702 1598 Editio
719 1534 867 1618 princeps
886 1557 903 1598 a
924 1536 1059 1599 Victore

50 1636 179 1702 Pisano
206 1635 277 1700 sive
305 1636 414 1735 potins
447 1634 513 1700 eius
543 1649 754 1720 praeceptore
785 1639 934 1724 Georgio
963 1638 1060 1702 Valla

52 1752 186 1804 curata:
417 1729 440 1752 χ’
476 1823 480 1834 ¹

113 1843 205 1936 „Hie
224 1845 334 1909 'codex
362 1841 477 1908 avienii
504 1840 646 1910 continet
670 1843 881 1941 epigramma.
917 1843 1059 1910 eiusdem

55 1945 376 2031 anatiphaencmena
390 1946 619 2032 geographiam
636 1947 775 2016 carmine
794 1947 927 2012 heroico
939 1960 971 2012 et
986 1969 1060 2012 oras
1179 1983 1182 2001 ι

56 2049 231 2114 maritimas
248 2049 393 2114 trimetro
411 2048 562 2113 iambico.
577 2050 750 2136 germanici
765 2072 894 2136 quoqtte
912 2063 944 2113 et
963 2048 1060 2112 marci

55 2153 122 2216 tulii
144 2154 225 2235 (sic)
247 2153 326 2216 arati
353 2151 531 2237 fragmenta
557 2164 590 2216 et
621 2152 734 2218 Sereni
754 2174 866 2219 versus
898 2157 936 2216 de
964 2152 1060 2217 variis

57 2255 203 2320 curandis
225 2255 383 2320 morbis.”

116 2383 199 2445 pag.
216 2346 363 2442 penult:
388 2351 467 2422 Hoc
498 2380 579 2441 opus
606 2358 795 2441 impressum
820 2357 973 2448 Veneriis·
991 2370 1059 2424 arte

59 2473 89 2524 et
112 2461 245 2548 ingenio
267 2461 402 2525 Antonii
423 2464 463 2524 de
488 2473 585 2524 strata
606 2461 843 2527 Cremonensis.
886 2465 983 2528 Anno
1008 2485 1059 2526 sa-

57 2564 143 2629 lutis.
167 2567 494 2630 M.ccccnxxxv111.
518 2576 635 2629 octavo
664 2566 810 2629 calendas
831 2565 1058 2631 novembres.’'
1102 2590 1109 2604 *

58 2667 145 2746 (Cir.
170 2670 277 2731 Ebert
297 2669 341 2731 N.
359 2668 463 2730 4448.
486 2668 570 2731 Hain
592 2669 637 2732 N.
661 2669 772 2748 2224.)

118 2772 199 2836 Fol.
221 2773 256 2834 h.
280 2771 528 2856 „Fragmentum
548 2770 628 2834 arati
650 2773 892 2854 phaenomenon
912 2793 970 2855 per
986 2793 1060 2856 ger·

52 2872 266 2942 manicumin
286 2873 415 2938 latinum
438 2861 586 2938 conversi
612 2894 683 2937 cum
702 2885 881 2940 commento
905 2896 1007 2958 nuper
1026 2876 1060 2937 in

59 2976 156 3041 sieilia
177 2978 376 3061 repertum.”
419 2977 512 3040 Hanc
530 2975 717 3054 editionem,
742 2999 835 3064 queam
850 2976 918 3060 ipse
938 2978 1057 3054 habco,

59 3077 183 3162 signavi
205 3082 248 3145 P.

120 3183 190 3247 Iam
209 3204 274 3246 uno
297 3189 471 3264 conspeetu
487 3183 732 3258 demonstrabo,
767 3182 841 3267 quid
863 3205 932 3246 cum
950 3196 1059 3248 nostra

61 3284 245 3349 recensione
265 3282 375 3349 collati
393 3295 424 3346 et
439 3285 616 3364 praebeant
637 3296 668 3348 et
684 3284 830 3350 omittant
848 3284 952 3363 Cdd.,
976 3309 1058 3371 quos

62 3381 127 3464 ipse
156 3387 252 3464 trivi,
275 3388 327 3466 A,
345 3388 400 3464 tt,
423 3387 452 3451 E
475 3398 507 3448 et
538 3385 646 3452 Editio
676 3387 826 3474 princeps
850 3387 919 3453 sive
944 3389 1058 3457 Codex

64 3485 243 3554 Siciliensis.
