2796 4746
1039 363 1100 428 tte

52 487 56 502 i
89 508 160 569 lus
182 506 238 569 sit
259 503 393 587 ybleis
416 503 602 568 tribunal
623 515 709 568 'stare
733 504 806 586 dina
828 503 964 570 floribus

88 610 249 674 Praesens
271 609 340 691 ipsa
362 608 431 672 iura
454 606 531 672 dicit
552 603 745 672 adsedcrunt
767 608 890 692 gratiae
1058 611 1099 673 50

87 713 188 777 Hibla
214 725 331 777 totos
355 712 477 776 funde
504 711 641 775 flores
672 709 869 795 quicqu-id
896 708 1012 774 annis
1035 715 1097 776 ad-

722 812 822 876 tulit

84 920 183 984 Hibla'
197 921 315 984 florum
331 939 537 1001 rumperes
558 920 742 1000 tequnnt'
766 918 884 980 ethne
899 938 1029 1001 campus
1046 930 1095 982 est

84 1023 184 1087 Ruris
206 1023 258 1087 hic
280 1035 372 1086 eruunt
394 1022 520 1106 puellae
545 1023 595 1086 vel
617 1021 744 1104 puellae
768 1019 920 1084 montium

83 1128 240 1211 Quaeque
263 1127 476 1209 silvasque
498 1125 613 1188 locos
635 1145 762 1208 queque
785 1134 909 1187 montes
925 1123 1071 1189 incolunt

83 1229 181 1293 lussit
203 1228 328 1296 omnis
352 1229 495 1292 adsidere
517 1227 610 1310 pueri
632 1239 733 1290 mater
755 1225 873 1290 alitas
1056 1229 1095 1292 55

83 1332 181 1396 Iussit
203 1345 235 1396 et
257 1333 371 1396 nullo
394 1333 515 1414 puellas
538 1332 581 1394 uil
604 1329 726 1394 amoti
749 1332 882 1394 credere
1184 1313 1191 1326 “

84 1434 166 1500 Cras
182 1446 266 1499 amet
280 1435 336 1520 qui
351 1457 510 1519 uunquam
527 1434 643 1497 amavit
659 1433 776 1518 quique
793 1433 915 1496 amavit
927 1455 1001 1497 cras
1014 1445 1097 1498 amet

82 1541 125 1602 Et
151 1539 331 1625 rigentibus
355 1550 577 1623 vergentes
600 1539 719 1601 ducat
742 1539 895 1600 umbras
918 1536 1054 1601 floribus

85 1639 166 1704 Cras
190 1641 257 1721 erit,
273 1641 340 1724 qui
362 1641 484 1723 primus
507 1642 644 1704 aether
666 1639 877 1722 copulavit
899 1641 1023 1723 nuptias
1089 1699 1092 1708 .

84 1745 127 1809 Ut
149 1756 244 1828 pater
266 1745 342 1808 totis
365 1756 526 1808 crearet
548 1744 657 1807 vernis
679 1764 794 1806 aunum
817 1734 953 1808 nubibus
1054 1747 1096 1810 60

84 1849 119 1910 Iu
142 1849 245 1912 sinum
269 1846 401 1911 maritus
423 1849 525 1912 imber
548 1848 710 1912 fluetus
733 1847 833 1909 alma
857 1859 896 1910 et
918 1833 1063 1933 coniugis

84 1952 130 2016 Ut
151 1952 280 2015 fletus
306 1951 425 2015 mitus
449 1951 550 2016 omnis
573 1952 712 2014 aleret
735 1971 851 2034 magno
873 1971 1014 2033 corpore

82 2042 155 2135 Ipsa
180 2076 324 2118 vernas
347 2066 464 2138 atque
488 2066 623 2122 mentem
646 2066 881 2136 permeante
904 2054 1020 2136 spiritu
1091 2103 1095 2124 a

82 2155 169 2218 Intus
197 2155 313 2228 ocultis
337 2157 542 2240 gubernat
564 2156 834 2237 procreatrix
855 2155 978 2220 viribus

83 2257 157 2322 Per
184 2280 259 2343 que
286 2259 406 2321 caelum
435 2279 508 2341 per
539 2279 616 2342 que
649 2270 753 2323 terras
784 2279 844 2339 per
872 2281 934 2342 que
956 2272 1092 2342 pontum

718 2361 877 2426 subditum
1055 2367 1095 2430 65

84 2465 237 2529 Pervium
262 2465 309 2528 sui
330 2476 509 2528 tenorem
532 2463 676 2528 semina
698 2464 833 2528 litram
855 2464 923 2529 ite.

85 2566 192 2632 lubuit
213 2567 367 2653 iussitque
388 2570 537 2631 mundum
560 2567 882 2632 nosceuasceudi
904 2564 977 2632 vias

84 2668 162 2734 Cras
179 2683 265 2734 amet
280 2669 334 2753 qui
349 2691 508 2755 utinquam
525 2671 641 2734 amavit
657 2671 775 2756 quique
791 2672 908 2734 amavit
923 2694 995 2736 cras
1011 2687 1093 2739 amet

85 2773 158 2854 Ipsa
179 2773 325 2838 troianos
348 2795 419 2836 nec
440 2785 554 2856 potes
576 2773 608 2836 in
631 2773 764 2838 latino
788 2775 949 2838 transtulit

85 2876 176 2957 Ipsa
197 2879 374 2941 laurentem
397 2878 531 2959 puellam
554 2877 724 2963 coniugem
747 2890 823 2942 nato
846 2879 933 2942 dedit
1052 2879 1093 2942 70

87 2979 233 3064 Moxque
256 2979 350 3043 marti
371 2983 410 3043 de
432 2983 550 3044 sacello
573 2985 626 3045 dat
648 2980 792 3065 pudicam
816 2981 975 3066 virginem

89 3083 305 3148 llumuleas
327 3083 408 3166 ipsa
430 3083 506 3146 fecit
529 3105 600 3146 cum
623 3084 772 3148 savinis
794 3085 921 3167 nuptias

88 3185 176 3251 Unde
197 3210 325 3250 rames
348 3199 379 3250 ct
400 3186 532 3270 quirites
554 3208 681 3272 proque
702 3189 796 3270 prole
818 3202 983 3271 posterum

88 3289 218 3356 Romuli
241 3303 372 3353 matrem
394 3302 517 3354 crearet
539 3301 570 3352 et
591 3301 740 3371 nepotem
763 3313 923 3356 caesarem

89 3389 168 3458 Cras
196 3408 278 3460 amet
310 3394 366 3480 qni
393 3415 551 3478 uunquam
581 3395 697 3458 amavit
728 3395 1089 3480 quique-amavitcras

717 3511 801 3562 amet
1045 3501 1091 3576 ,75

86 3598 174 3666 Rura
195 3602 388 3666 facundat
411 3601 560 3684 voluptas
581 3622 657 3664 rura
680 3623 829 3666 venerem
852 3605 990 3669 sentiunt

86 3700 270 3784 lpse·amor
291 3726 374 3788 puer
395 3703 489 3767 dione
511 3725 587 3767 rure
610 3716 723 3769 natus
750 3705 867 3770 dicitur
932 3729 934 3734 ·

136 3903 177 3951 ll.
205 3905 329 3966 tribunal]
353 3906 406 3952 Non
432 3909 522 3952 notavit
540 3908 629 3952 llauth.
666 3907 754 3963 (Iussit
771 3902 809 3954 hle
826 3925 919 3970 quoque
938 3909 1005 3969 Sill.)
1042 3913 1083 3960 52.

88 3973 138 4021 sitta
157 3981 189 4023 sic
209 3981 267 4038 legit
284 3980 307 4023 in
327 3979 388 4024 Cd.:
415 3992 552 4035 rrumperes
570 3979 647 4037 teque'
664 3981 729 4022 caut'
746 3977 825 4026 estne.
872 3980 913 4026 ⁶2.
941 3981 1028 4042 miton]
1046 3998 1086 4029 sn·

89 4054 176 4095 temer.
197 4056 233 4094 est
251 4065 280 4094 x.
303 4045 343 4098 63.
356 4045 457 4106 vernus]
468 4063 514 4092 non
528 4049 617 4094 notavit
630 4049 732 4106 llautlr.;
752 4053 793 4094 sed
806 4051 877 4098 habet
889 4055 924 4099 sic
936 4054 1008 4100 eliam
1018 4054 1086 4112 Lips.

115 4121 117 4134 ¹
179 4134 266 4176 Phaedri
281 4134 407 4194 mum.
550 4177 552 4182 ,
761 4135 800 4196 15
877 4173 881 4182 .
