2788 4772
305 361 347 422 8lt

306 501 352 564 Et
373 502 403 560 in
427 485 590 566 cothurnis
611 501 721 582 prodit
742 501 891 586 Aesopus
912 501 1019 568 novis.
1077 513 1081 522 '

351 601 477 664 Utinam
500 625 559 667 nec
582 625 717 688 unquam
740 605 822 668 Pelii
843 605 981 669 nemoris
1004 603 1082 690 iugo

307 704 407 768 Pinus
429 704 557 787 bipenni
578 705 767 769 concidisset
789 709 961 772 Thessala!

307 808 377 868 Nec
399 809 437 868 ad
459 806 625 888 professae
647 808 759 872 mortis
781 813 929 872 audacem
953 810 1035 874 viam

307 908 511 972 Fabricasset
531 910 643 993 Argus
668 932 766 992 opere
788 912 933 976 Palladio
956 925 1075 989 ratem,

305 1009 508 1091 Inhospitalis
530 1011 632 1092 prima
654 1035 734 1094 quae
757 1015 857 1077 Ponti
877 1015 962 1077 sinus
1079 1013 1081 1018 ’
1274 1017 1309 1077 to

305 1112 462 1175 Patefecit
484 1113 515 1178 in
536 1114 708 1194 perniciem
731 1116 862 1178 Graium
886 1129 917 1180 et
938 1119 1135 1180 Barbarum!
1236 1114 1240 1120 ’

306 1215 449 1296 Namque
473 1228 504 1278 et
527 1217 656 1298 superbi
679 1219 767 1300 luget
790 1220 911 1282 Aeetae
936 1223 1048 1283 domus

304 1307 347 1378 Et
370 1337 468 1400 regua
493 1319 601 1381 Peliae
625 1320 744 1382 scelere
767 1322 905 1383 Medeae
926 1323 1045 1398 iacent,

305 1419 394 1498 Quae
418 1441 547 1493 saevum
568 1421 730 1504 ingenium
754 1423 850 1485 variis
872 1424 1040 1488 involvens
1063 1425 1177 1502 modis,

302 1521 373 1582 Illic
395 1543 454 1601 per
477 1501 564 1584 artus
586 1523 695 1588 fratris
718 1525 869 1605 explicuit
890 1527 1020 1611 fugam,
1269 1527 1305 1589 15

303 1623 367 1683 Hic
389 1627 482 1685 caede
506 1625 605 1705 patris
628 1626 792 1690 Peliadum
815 1626 922 1691 infecit
946 1653 1067 1694 ananus.

345 1723 430 1802 Quid
450 1726 508 1790 tibi
531 1727 682 1790 videtur?
704 1731 779 1792 Hoc
798 1751 930 1814 quoque
952 1732 1104 1796 insulsum
1127 1745 1193 1812 est,
1221 1735 1284 1811 ais,

302 1827 462 1908 Falsoque
486 1829 621 1902 dictum3
645 1830 743 1912 louge
766 1831 838 1912 qnia
861 1835 1019 1898 vetustior

301 1929 432 2010 Aegaea
456 1928 568 1992 Minos
590 1933 689 1993 classe
711 1935 892 2012 perdomuit
912 1935 994 2001 freta

300 2029 454 2113 Iustoque
477 2031 648 2094 vindicavit
671 2039 817 2116 exemplo
839 2037 1005 2120 impetum.
1189 2050 1193 2064 “
1266 2046 1303 2108 20

302 2130 386 2210 Quid
409 2153 490 2216 ergo
512 2155 644 2214 possum
666 2136 773 2200 faeere
796 2138 869 2212 tibi,
895 2140 996 2204 lector
1019 2143 1121 2221 Cato,

301 2235 335 2297 Si
358 2255 416 2295 uec
438 2235 573 2299 fabellae
596 2249 626 2301 te
650 2238 758 2301 iuvant
781 2263 838 2304 neo
859 2243 1005 2310 fabulae!

300 2336 376 2400 Noli
398 2337 548 2400 molestus
571 2361 639 2402 esse
663 2342 790 2405 omnino
814 2345 945 2422 litteris,

298 2439 457 2502 Maiorem
480 2440 648 2506 exhibeant
670 2465 709 2506 ne
731 2445 788 2507 tibi
811 2448 998 2512 molestiam.

341 2543 416 2604 Hoc
437 2540 499 2605 illis
522 2544 636 2606 dictum
660 2558 725 2620 est,
751 2549 804 2632 qni
827 2551 961 2614 stultitia
980 2570 1132 2621 nauseant
1263 2563 1300 2626 25

299 2646 361 2718 Et,
388 2651 435 2708 ut'
442 2656 597 2726 putentur
620 2655 751 2731 sapere,
776 2653 896 2715 caelum
919 2654 1115 2739 vituperant.

294 2879 436 2942 destringis
454 2883 514 2926 Ritt.
539 2885 565 2928 S.
603 2883 639 2941 (3)
665 2886 751 2933 Parva
773 2891 895 2951 libellum]
919 2896 1007 2954 Rigalt.
1033 2899 1078 2944 Ed.
1102 2898 1127 2946 2.
1149 2903 1175 2947 S.
1197 2927 1226 2938 -
1248 2905 1297 2950 Pur

291 2951 404 2994 libellum
426 2953 457 2997 P.
485 2953 522 3009 (de
543 2954 572 3002 R.
597 2969 642 3001 non
668 2960 782 3015 constat.)
801 2986 833 2996 -
852 2962 946 3008 Parum
960 2967 1071 3025 libellam
1093 2985 1116 3026 p.
1141 2994 1169 3005 -
1189 2973 1296 3020 Paruum

293 3019 337 3063 lib.
357 3020 473 3067 Rittersh.
495 3047 528 3056 —
547 3023 628 3068 Parra
655 3027 773 3072 tabellam
790 3032 909 3090 Bongars.
936 3041 958 3079 et
976 3052 1061 3084 rursus
1080 3041 1159 3086 Bentl.
1206 3044 1242 3101 (5)
1259 3056 1296 3092 cp9

292 3087 331 3132 En
345 3090 373 3133 ire
390 3092 484 3138 Meurs.
504 3094 601 3149 Bothe.)
620 3095 663 3146 (-
682 3101 795 3145 coturnis
812 3102 843 3146 P.
864 3103 893 3146 R.
909 3104 943 3158 p.)
968 3105 1053 3164 (ibid.)
1070 3109 1150 3169 nouis]
1170 3127 1194 3167 ρ.
1217 3116 1244 3163 S.
1262 3135 1295 3151 -

290 3157 361 3202 nobis
381 3161 410 3204 P.
428 3162 458 3205 R.
497 3161 536 3220 (6)
555 3177 601 3207 nec
620 3166 739 3226 unquam]
757 3171 875 3230 Bongars.
895 3175 921 3221 S.
943 3196 977 3208 -
994 3190 1024 3219 ns
1043 3193 1151 3238 anqasam
1169 3183 1197 3226 P.
1220 3185 1251 3229 R.
1268 3198 1291 3239 ρ.

291 3225 377 3284 (lbrd.)
395 3228 469 3290 Pelii]
494 3233 578 3278 Heius.
605 3236 631 3278 S.
664 3258 694 3268 -
722 3237 791 3283 Pelei
808 3241 837 3288 P.
859 3242 888 3284 R.
908 3257 931 3299 p.
970 3243 1026 3302 (12)
1044 3247 1145 3310 Aeetae]
1164 3265 1187 3306 p.
1209 3255 1235 3298 S.
1261 3278 1292 3287 -

195 3349 197 3360 Ι
290 3301 370 3346 aetate
393 3299 423 3342 P.
444 3300 481 3353 (de
500 3302 530 3346 R.
550 3309 672 3349 nonsatis
693 3308 809 3366 constat.)
845 3307 897 3366 (13)
916 3317 1033 3360 -ΛσεΙε
1053 3318 1082 3362 P.
1118 3318 1175 3376 (16)
1194 3320 1293 3381 infecit]

290 3381 314 3421 p.
336 3367 362 3412 S.
382 3387 416 3402 -
439 3367 568 3432 interfecit
585 3374 615 3419 P.
634 3375 664 3418 R.
707 3376 762 3433 (ll)
781 3377 831 3437 ais]
849 3395 872 3436 p.
893 3383 919 3426 S.
945 3407 978 3418 -
997 3388 1032 3430 ait
1051 3389 1081 3432 P.
1100 3387 1131 3434 ll.
1169 3390 1224 3449 (19)
1242 3393 1292 3436 Aa·

291 3449 356 3495 gaen
375 3435 470 3496 Minos]
490 3453 512 3494 p.
535 3443 561 3486 S.
586 3468 619 3476 —
649 3443 732 3504 Aegre
752 3447 855 3493 Aminos
872 3451 902 3496 P.
922 3451 969 3509 (De
991 3456 1020 3499 R.
1040 3472 1085 3502 non
1104 3460 1162 3503 satis
1181 3461 1294 3516 constat.)

289 3503 346 3564 (20)
364 3507 491 3568 impetum]
511 3523 534 3563 p.
554 3513 580 3555 S.
598 3537 630 3548 -
649 3515 781 3572 imperium
795 3519 823 3563 P.
844 3521 873 3564 R.
911 3520 965 3579 (21)
984 3525 1061 3570 lector
1082 3523 1150 3582 Cato]
1168 3543 1191 3584 p.
1211 3533 1237 3576 S.
1258 3556 1289 3565 -

288 3575 350 3618 lecte
368 3583 437 3621 reato
457 3580 513 3632 (nou
528 3581 605 3625 tector
625 3583 690 3640 cate)
709 3585 739 3629 P.
759 3587 788 3630 R.
804 3583 806 3587 ’
826 3587 880 3645 (22)
900 3613 930 3622 -
943 3589 1043 3649 sabella
1062 3602 1083 3639 te
1105 3599 1192 3642 iubant
1208 3601 1239 3645 P.
1259 3602 1287 3644 R.

290 3644 324 3699 (et
340 3644 572 3713 Pas-sabalae.)
608 3649 662 3708 (25)
681 3656 724 3712 pai
740 3656 856 3716 stultitia]
877 3661 993 3717 [longara.
1014 3661 1097 3724 (Ritt.)
1116 3669 1141 3712 S.
1164 3691 1192 3700 -
1213 3671 1291 3729 siqui

289 3714 422 3760 stultitiam
439 3718 469 3763 P.
486 3719 515 3764 ll.
530 3733 553 3775 p.
575 3721 611 3774 (lu
631 3723 660 3766 R.
684 3737 698 3766 a
714 3738 746 3768 m.
766 3739 814 3770 sec.
830 3742 912 3772 erasae
934 3731 979 3775 litt.
997 3734 1076 3792 tiam3
1097 3742 1121 3780 ut
1140 3740 1185 3783 sit:
1206 3743 1231 3786 si
1249 3741 1290 3799 qai

289 3784 358 3845 stulti
374 3795 513 3842 nauseant,
543 3804 601 3848 quse
629 3793 683 3850 Rig.
711 3799 748 3838 est
771 3797 843 3840 lectio
859 3799 882 3841 in
906 3798 951 3844 Ed.
976 3799 1012 3858 2.)
1039 3826 1070 3837 ·-=
1094 3807 1137 3865 qui
1154 3810 1286 3854 stultitiam

289 3861 415 3898 nauseant
433 3857 516 3903 Nevel.
555 3857 592 3915 (ln
612 3861 642 3906 P.
662 3867 699 3906 est
712 3863 856 3923 nauriunt.)

341 3921 399 3967 Fas.
429 3928 496 3972 vrit.
546 3929 582 3984 (1)
607 3955 638 3964 -
662 3933 840 3978 rnordatiorem
870 3935 900 3981 P.
931 3937 961 3984 R.
1011 3940 1049 4002 (2)
1081 3923 1239 3993 -3da'seribt
1255 3947 1284 3996 R.
