2796 4746
329 331 349 392 6

351 455 353 459 ’
392 469 486 537 Ordo
523 466 681 552 epitomes
714 466 893 550 ipsissimus
922 480 985 546 est,
1020 469 1076 558 qni
1110 465 1315 554 Neapolitani

327 569 452 637 codicis
474 593 492 640 a
513 571 567 638 ct.
591 569 748 637 lannellio
765 573 779 652 (
786 569 820 634 in
841 570 954 654 priore
976 573 1117 640 editione
1137 572 1261 638 dissert.
1283 577 1314 639 1.

159 705 161 712 >
246 747 248 759 ,
325 675 598 761 ptvu1.seqq,)
628 684 796 750 narratura
832 674 969 756 epistola
1002 675 1152 740 nimirum
1188 674 1316 742 Perotti

326 776 477 862 prosaica
492 781 532 850 ad
548 779 703 846 Mannum
720 776 978 853 viterbiensem
1000 779 1098 843 index
1121 779 1314 852 carminum

326 880 487 967 prologus
508 878 637 947 Perotti
657 879 808 963 po'e'tieus
828 883 869 946 ad
883 882 1048 962 Pyrrhum
1067 881 1178 946 fratris
1196 882 1314 958 filium3

326 984 455 1053 fabulae
485 983 630 1048 Phaedri
661 994 694 1050 et
719 981 856 1060 Avieni,
889 983 1015 1048 fabulae
1048 1005 1171 1061 novae,
1205 1007 1315 1048 versus

327 1085 423 1154 etiam
445 1085 545 1172 ipsius
567 1083 714 1162 Perotti;
745 1085 851 1154 omnia
869 1089 948 1150 haee
969 1086 1148 1162 alternatim
1168 1087 1315 1173 miroque

326 1188 424 1256 duno
447 1188 533 1259 inter
560 1211 593 1253 se
621 1177 794 1272 permixta.
838 1187 987 1275 Denique
1014 1201 1047 1254 et
1071 1190 1127 1258 illa
1149 1191 1313 1256 adnotatio

325 1295 416 1364 adest
434 1295 472 1356 de
490 1289 602 1376 prisco
624 1277 768 1379 'quodam
787 1293 939 1370 oraculo,
967 1311 1063 1378 quam
1087 1293 1260 1362 Iannellius
1281 1293 1314 1358 in

326 1397 435 1479 Neap·
447 1393 571 1464 codicis
581 1394 726 1482 margine
741 1394 895 1478 scriptam
913 1394 1037 1479 reperit
1051 1407 1145 1483 atque
1157 1395 1313 1482 vulgavit.

325 1500 439 1566 Porro
460 1496 580 1582 etipse
602 1496 939 1575 Vaticani-Urbinatia
964 1498 1087 1566 codicis
1105 1509 1213 1563 textus
1235 1503 1313 1564 adeo

324 1599 515 1690 plerumque
548 1623 619 1666 cum
657 1601 876 1683 Neapolitano
914 1599 1096 1684 conspirat,
1129 1613 1165 1666 ut
1186 1625 1229 1668 ex
1251 1625 1313 1669 uno

325 1706 503 1792 codemque
514 1703 691 1788 exemplari
703 1725 844 1780 manasse
854 1715 1024 1791 utrumque
1032 1705 1179 1782 codicem
1189 1727 1315 1772 necesse

325 1805 380 1876 sit.
424 1809 539 1894 Neque
560 1806 643 1876 enim
658 1829 755 1898 quum
774 1808 971 1884 Perottinma
987 1807 1105 1872 dicitnr
1122 1807 1178 1878 ille
1194 1811 1313 1884 codex,

326 1908 383 1997 qui
401 1909 543 1993 Neapoli
564 1921 628 1986 ost,
661 1909 787 1982 idcirco
810 1908 839 1974 is
858 1909 987 1993 Perotti
1009 1914 1245 1996 autographum
1265 1910 1314 1976 vel

324 2011 438 2081 saltem
458 2013 568 2100 κτῆμα
597 2014 773 2088 credendus
798 2024 864 2093 pst;
901 2037 1012 2094 verum
1033 2014 1088 2082 ille
1107 2027 1237 2082 eatenus
1254 2019 1313 2080 Pe·

325 2115 595 2193 rotnnmamdit,
619 2127 775 2202 qnatenus
789 2118 887 2190 habet
899 2116 1029 2199 Perotti
1043 2117 1313 2194 lucubrationem

325 2221 537 2309 quemobrem
567 2218 639 2302 pari
667 2218 737 2298 inae
769 2222 938 2291 Perottini
966 2243 1051 2301 nano
1076 2220 1223 2296 dicentur
1250 2233 1314 2288 tum

324 2321 559 2406 Neapolitanus
571 2324 759 2392 chartaceus
769 2335 800 2402 et
812 2321 1029 2406 vitiatissimus
1036 2369 1046 2406 ,
1064 2336 1131 2400 tum
1138 2324 1311 2393 Vaticanus

324 2427 545 2497 membraneus
573 2438 668 2513 atque
691 2424 936 2511 integerrimus:
974 2429 1013 2494 dc
1044 2427 1133 2504 cuius
1162 2438 1263 2504 aetate
1290 2425 1313 2492 si

324 2527 397 2620 quis
429 2551 481 2600 me
509 2541 623 2615 roget,
658 2550 722 2616 ego
753 2528 906 2612 scriptum
939 2528 1047 2612 iudico
1078 2530 1129 2594 val
1156 2531 1314 2608 desinente

226 2712 227 2722 ἵ
322 2630 435 2710 aoculo
456 2634 540 2698 XV.
562 2633 616 2697 vel
641 2631 737 2698 initio
758 2633 992 2717 subsequentis.
1037 2636 1120 2716 Nam
1142 2638 1232 2719 qnod
1253 2637 1314 2699 Fe·

324 2732 455 2803 stoicus
470 2737 653 2815 Veteranus
668 2734 808 2818 Urbinas
828 2735 1096 2820 bibliothecarius
1120 2759 1203 2819 anno
1220 2731 1313 2812 1'517,

322 2836 357 2904 in
367 2837 461 2904 calce
473 2836 597 2907 codicis
608 2837 807 2927 epigramma
822 2843 861 2904 de
872 2852 977 2920 morte
989 2839 1111 2920 domini
1125 2841 1173 2904 sni
1183 2841 1312 2917 scribit,

321 2939 365 3012 id·
376 2962 470 3010 manu
488 2962 625 3026 prorsus
643 2941 771 3023 diversa
790 2953 822 3025 et
839 2941 1001 3027 paululum
1020 2934 1114 3026 etiam
1134 2945 1313 3012 recentiore

321 3056 488 3119 oneratum
510 3065 578 3120 esse
599 3056 700 3128 patet.
727 3125 728 3130 η

255 3165 261 3182 ‘
293 3152 295 3158 ’
386 3151 483 3220 Nunc
507 3169 584 3212 ecce
605 3146 770 3232 propositi
790 3148 853 3218 mei
874 3171 1039 3227 summam.
1084 3148 1221 3232 Codicis
1247 3151 1313 3214 Va·

320 3249 604 3334 ticeni-Urbinatia
622 3274 693 3325 ,eam
717 3263 840 3334 partem
862 3257 942 3336 edo,
965 3273 1046 3340 quan
1067 3276 1171 3336 novas
1191 3255 1313 3332 fabulas

303 3355 380 3446 ¹suh
401 3355 546 3418 Phaedri
566 3353 696 3442 nominp
714 3354 896 3442 dimrlgatas
919 3347 1084 3421 contincta
1109 3368 1140 3424 et
1162 3347 1248 3443 quia
1261 3356 1311 3420 hio

322 3460 427 3524 codex
454 3456 686 3539 perincolumis
707 3459 975 3544 pancratiousque
994 3471 1058 3540 est,
1093 3453 1206 3539 cuncta
1229 3462 1312 3526 Nea-

322 3543 459 3644 politani
487 3558 569 3640 vitia
596 3545 824 3648 luxitu'nasque
851 3565 979 3645 demum
1002 3585 1173 3646 ,persanat
1212 3563 1257 3635 ita
1282 3572 1314 3630 ut

1389 2295 1390 2308 l

1389 2355 1390 2364 i

1347 3113 1351 3126 Α

321 3684 425 3743 novae
443 3662 572 3742 fabulae
591 3665 653 3742 hae
672 3675 760 3736 certe
780 3663 813 3729 in
834 3675 926 3748 parte
949 3665 1082 3750 vetustis
1096 3687 1162 3743 nou
1183 3670 1310 3746 pedam,
1389 3657 1390 3680 ¹

322 3769 412 3852 quot
432 3767 518 3852 haul
541 3765 642 3853 milla
666 3771 835 3864 saltwode
859 3769 977 3853 velent·

671 3983 959 4014 “m-r·-
