2796 4746
296 319 360 402 nso

297 483 417 534 sententia
441 482 583 541 requiritur.
628 481 762 529 Praeterea
783 495 821 532 vv.
840 481 906 544 quod
925 481 1002 542 (quia)
1023 478 1118 542 Cupido
1142 480 1251 542 putate»-
1274 489 1314 528 ast

296 555 419 599 artissime
435 554 553 613 iungenda
571 558 627 598 sunt
640 567 695 598 cum
711 554 839 609 praecedd.
876 553 927 599 Sed
941 561 1025 598 tumen
1046 558 1145 608 cauete,
1164 551 1314 613 nymphen

271 679 273 682 ,
296 626 327 682 id¹
340 627 403 683 quod
422 637 511 669 moneo
528 628 628 680 propter
656 621 818 675 Wernsdurfii
842 625 1076 680 interpretationem.
1113 621 1171 681 (38)
1190 621 1247 668 [inu
1270 638 1315 668 res

295 695 364 750 Lips.
402 691 461 754 (39)
478 690 562 752 liigter
586 693 733 752 distinguere
749 695 854 740 mavult:
874 691 955 750 Cede,
974 695 1048 754 oirgo
1061 692 1153 750 Delia,
1179 691 1210 738 tn
1220 707 1316 738 namne

289 766 332 811 ‘eit
358 765 532 819 incruentum,
559 761 589 808 de
602 759 703 822 scrinis
724 763 865 823 stragibus.
908 765 969 808 Mihi
988 763 1047 808 cede
1066 765 1160 810 uidetur
1175 763 1316 823 significare

295 849 344 880 non
362 839 412 878 tam
433 848 526 888 cessa,
546 831 656 888 desiste,
685 835 835 892 quamidem
855 837 918 892 quod
938 849 961 879 v.
982 831 1024 879 18.
1045 833 1143 882 recede.
1180 835 1317 890 Praeposr-
1384 879 1385 896 1

294 907 331 950 tio
348 903 379 950 de
395 905 433 949 hic
449 917 535 949 rursus
558 917 587 948 ex
603 906 739 948 recentiore
761 905 868 948 italistno
883 918 928 960 pro
946 907 1023 949 attera
1041 917 1057 947 a
1074 905 1153 960 posita
1171 909 1218 949 est.
1257 901 1315 961 (10)

294 975 369 1020 uellet
395 980 418 1020 te
441 987 537 1034 rogare
558 975 662 1021 Salmas.
682 975 754 1020 uellet
780 979 802 1018 te
831 987 940 1035 erogare
958 975 1073 1028 schulze,
1105 975 1193 1019 cottato
1217 973 1312 1034 Apput.
1384 994 1385 1040 3

185 1101 187 1110 .
277 1046 398 1093 =tiletum.
420 1042 445 1090 5.
465 1058 490 1100 p.
512 1039 571 1089 3105.
592 1043 674 1099 oud,
705 1043 745 1087 uhi
765 1049 886 1104 erogatus
914 1049 951 1090 est
976 1058 1021 1100 pro
1041 1042 1157 1103 rogando
1175 1049 1313 1088 exoratus.

296 1117 344 1160 Sed
368 1119 487 1159 monstrat
514 1115 568 1169 ipsa
595 1113 640 1158 Cd.
672 1115 748 1158 Saim.
778 1115 899 1169 scriptura
926 1115 986 1159 hane
1007 1114 1126 1158 emendat.
1149 1128 1236 1170 parum
1255 1127 1314 1159 esse

296 1185 459 1242 prohabilem.
496 1181 554 1242 (tt)
566 1179 681 1242 feriatos
697 1184 814 1229 Pithoeus
828 1185 932 1240 stLips.
955 1197 1000 1240 pro
1021 1185 1145 1241 utriusque
1164 1184 1209 1229 Cd.
1224 1181 1315 1244 seria-

295 1256 339 1300 tis.
362 1276 392 1286 -
405 1251 537 1312 feriantes
552 1255 623 1312 vulgo
637 1256 665 1299 de
686 1253 802 1299 Seriverii
815 1256 900 1312 coni.;
921 1255 962 1299 sed
971 1249 1084 1312 feriatos
1104 1268 1151 1298 non
1173 1259 1210 1299 est
1226 1267 1314 1299 verum

298 1326 467 1382 praeteritum.
505 1321 564 1382 (11)
583 1324 652 1381 Quod
668 1326 729 1369 atter
746 1325 886 1368 annuorum*
898 1325 957 1383 tegit
969 1327 1100 1384 myrteus,
1120 1325 1182 1369 atter
1194 1331 1313 1384 myrteus
1384 1365 1385 1370 ,

167 1451 169 1460 Ι
240 1417 249 1434 x
294 1397 320 1442 in
342 1395 388 1440 Cd.
407 1395 474 1439 Pith.
496 1395 551 1438 hinc
579 1395 759 1450 explicandum,
791 1397 853 1452 qnod
877 1395 901 1439 in
928 1394 988 1438 Cdd.
1015 1395 1141 1452 antiquiss.
1172 1391 1210 1454 (ut
1235 1399 1310 1450 puta,
1384 1411 1385 1418 ¹

296 1465 436 1512 Germanici
452 1463 597 1519 Basiteensi)
616 1465 700 1510 literae
715 1469 739 1507 rt
754 1467 779 1509 et
798 1469 822 1510 st
838 1465 900 1509 mire
913 1465 1000 1523 ligatae
1016 1464 1130 1523 distingui
1143 1465 1182 1508 vix
1199 1469 1311 1519 possunt.

295 1533 350 1593 (46)
368 1533 460 1579 Detine
485 1533 518 1592 te]
537 1534 561 1579 tt
579 1540 630 1590 est,
661 1545 796 1590 ‚,morare,
825 1534 866 1578 uhi
885 1547 927 1592 es;
956 1535 1006 1578 noti
1026 1533 1167 1578 accedere.''
1203 1535 1243 1579 stc
1263 1530 1312 1578 uni

295 1607 366 1651 litera
386 1605 482 1650 inducta
505 1605 602 1660 scripsi.
620 1613 660 1651 eo
676 1603 715 1650 De
737 1609 833 1649 tenente
851 1609 903 1649 totu
924 1608 970 1660 cet.
990 1604 1093 1648 Satanas.
1117 1605 1140 1648 id
1159 1609 1209 1664 est,
1239 1615 1311 1664 „uno
1348 1655 1353 1660 ,

295 1680 395 1730 tenore,
415 1674 591 1719 continenter.''
638 1676 685 1720 Sed
712 1675 820 1732 quamvis
839 1675 971 1719 Salmasius
985 1674 1070 1730 ,probs
1093 1675 1205 1720 enituerit
1222 1673 1311 1720 horum

294 1746 434 1791 seculorum
453 1757 608 1799 sermonem,
628 1746 707 1799 adeo,
728 1750 755 1789 nt
772 1746 796 1790 iu
812 1744 901 1789 tatibus
919 1746 971 1790 eius
989 1745 1104 1789 iudicium
1118 1745 1199 1804 magni
1223 1746 1257 1790 sit
1273 1745 1309 1788 ia·

295 1816 420 1871 ciendum,
446 1819 586 1870 comparato
604 1816 749 1870 praesertim
770 1816 833 1873 qnod
850 1815 921 1869 feeit,
950 1814 1044 1860 Gallico
1071 1812 1131 1860 dun
1152 1821 1259 1870 *tenant,
1285 1818 1309 1859 et

295 1899 326 1931 ex
344 1890 412 1941 parte
432 1885 568 1940 comparari
586 1885 664 1940 possit
686 1884 770 1929 tustini
790 1882 824 1941 1,
846 1883 859 1930 9
871 1916 878 1939 ,
900 1883 942 1930 19.
962 1897 997 1928 ex
1011 1884 1149 1929 continenti
1169 1898 1214 1940 pro
1231 1899 1308 1940 „con-

253 1958 257 1965 ’
294 1956 401 2009 tinuo”‚
427 1955 584 2000 nihilominus
610 1954 667 2000 talia
691 1955 743 1999 sine
767 1955 842 2000 certis
868 1955 984 2011 exemptis
1003 1952 1094 2014 fiugere
1111 1968 1159 1999 non
1182 1954 1306 2000 dehemus.
1384 1947 1385 2008 J

295 2026 392 2070 Rursus
412 2023 457 2070 Cd.
483 2024 549 2069 Pith.
574 2025 695 2078 scriptura
711 2023 834 2070 Detinent
855 2029 880 2068 et
901 2025 1002 2080 probata
1019 2025 1081 2069 Viro
1106 2027 1176 2069 docto
1195 2024 1220 2070 in
1237 2026 1306 2070 Anat.

295 2093 380 2142 wotfit
402 2092 511 2150 („Jeder
537 2094 628 2138 wei1t”
647 2112 680 2128 -
699 2094 844 2140 Germanica
863 2096 884 2139 is
906 2091 1055 2152 convertite)
1079 2107 1123 2139 neo
1143 2109 1158 2139 a
1177 2093 1308 2140 Latinitate

294 2179 403 2224 nequeat
424 2167 600 2210 sententiarum
617 2178 679 2210 nexu
698 2165 792 2211 defend-i
810 2169 899 2220 potest.
936 2165 1154 2210 Demonstrandnm
1175 2165 1240 2210 enim
1259 2169 1309 2212 erat

295 2237 406 2292 exempto
427 2249 451 2281 v.
473 2234 585 2280 detinent
602 2232 738 2294 significare
764 2247 855 2290 posse:
887 2240 1031 2290 „morantur
1046 2235 1071 2279 hi
1088 2235 1144 2289 Dii,
1170 2236 1210 2293 qui
1229 2237 1308 2292 perui·

294 2308 380 2366 gitium
398 2306 523 2352 celebrant
545 2318 600 2351 cum
618 2305 743 2358 Venere.”
761 2306 788 2350 In
811 2304 878 2350 Antii
893 2301 1088 2359 annotationem,
1108 2318 1180 2364 qnam
1203 2320 1251 2350 non
1273 2307 1307 2350 in·

294 2377 378 2436 tettigo
391 2407 398 2431 ,
421 2389 491 2422 error
503 2376 590 2435 aliquis
600 2375 786 2434 typographicae
798 2375 892 2420 uidetur
904 2376 1042 2432 irrepsisse.
1079 2373 1124 2419 Est
1133 2380 1214 2420 autem
1231 2376 1305 2422 haec:

251 2485 252 2492 ,
293 2445 398 2495 Detinet
415 2452 438 2491 et
456 2451 508 2492 totu
525 2459 579 2490 nox
599 2450 638 2490 est
651 2443 823 2506 peroiglundu
841 2443 961 2504 canticis]
979 2445 1019 2491 Sic
1037 2443 1201 2501 reponendum
1220 2459 1307 2491 censeo

294 2531 349 2562 curn
367 2519 499 2572 interprete
518 2515 602 2561 Gerra.
625 2515 649 2559 in
676 2513 761 2560 Wotnt
782 2515 912 2562 analectis:
945 2517 985 2574 qui
1009 2520 1087 2560 tamen
1110 2528 1156 2559 nec
1173 2513 1305 2574 poetarum

294 2587 357 2632 deus
379 2585 474 2632 detinet
493 2579 582 2646 (immo
600 2585 634 2630 ihi
655 2590 712 2631 est:
731 2583 852 2641 detinent)
870 2591 895 2631 st
911 2591 964 2630 totu
981 2598 1044 2630 nox.
1064 2585 1177 2630 Heinsius
1193 2587 1223 2629 ad
1236 2586 1306 2631 Ouid.

295 2670 326 2703 ex
342 2657 417 2701 Pont.
438 2656 481 2701 lv.
504 2653 534 2701 1⁰
543 2688 552 2712 ,
573 2653 615 2703 67.
652 2653 797 2702 Detinendn
811 2661 862 2701 toto
873 2669 927 2700 nox
937 2661 961 2700 st
972 2653 1153 2716 peruigilando
1172 2656 1307 2718 canticis.”

284 2728 344 2786 Ι(-·
360 2721 605 2772 Detinene'ceuota
631 2722 731 2781 Moeh.)
753 2747 790 2760 -
814 2724 852 2770 Te
869 2726 966 2771 sinente
984 2731 1037 2772 totu
1055 2727 1176 2771 Sanadon.
1194 2725 1304 2772 Lindum.

294 2796 361 2855 utgt.
399 2796 445 2840 Sed
464 2795 499 2840 sic
515 2809 573 2852 prae
591 2796 688 2841 Venere
706 2797 780 2840 nimia
797 2796 849 2842 iere
864 2796 971 2852 potentia
984 2796 1099 2841 trihuitur
1110 2797 1218 2852 Dianae,
1239 2811 1306 2854 praes

294 2871 405 2925 terqnam
427 2867 490 2924 quod
510 2867 562 2922 ipsa
581 2865 719 2910 coniectura
737 2867 808 2911 airnis
827 2868 918 2912 recedit
938 2881 951 2911 a
975 2867 1096 2922 scriptura
1114 2867 1239 2926 utriusque
1260 2867 1306 2912 Co·

297 2937 373 2991 dicis,
393 2949 437 2982 nec
457 2936 478 2980 si
496 2949 510 2980 a
530 2937 602 2991 podia
623 2935 732 2992 profecta
759 2941 840 2991 esset,
871 2935 942 2982 facile
960 2937 984 2982 iu
1005 2941 1113 2982 monstra
1134 2937 1176 2982 itta
1197 2938 1305 2984 hechonis

293 3008 476 3066 degenerasset.
526 2999 616 3067 (thid.)
629 3005 812 3067 peroiglundu]
831 3007 933 3052 Salmas.
955 3021 968 3052 e
987 3007 1108 3064 scriptura
1126 3007 1234 3052 Cd.'sui
1252 3022 1308 3069 per·

293 3076 423 3123 uiolanda.
461 3076 549 3132 „Mate
571 3077 713 3121 Sanadonns
734 3077 818 3129 (immo
840 3077 889 3121 iarn
905 3075 972 3122 Pith.
1005 3091 1017 3122 e
1047 3081 1166 3134 scriptura
1191 3079 1229 3123 sui
1260 3077 1303 3122 Cd.

290 3161 339 3206 pet·
356 3137 441 3207 'aigilo
463 3151 624 3203 proposuerat
640 3145 840 3207 peruigilando:
873 3147 959 3192 saitem
979 3147 1004 3192 in
1031 3160 1109 3206 marg.
1136 3145 1205 3204 Lips.
1229 3145 1304 3194 1611.

294 3216 322 3262 ln
346 3217 422 3273 ipsius
452 3217 577 3262 Annotatt.
609 3222 648 3262 est
674 3214 853 3277 pervigilata.)
880 3217 980 3262 uerbum
1009 3221 1159 3262 conuectum
1191 3219 1304 3274 resolvit,

293 3289 401 3340 dactylus
421 3288 485 3335 enim
504 3287 528 3332 in
552 3285 655 3342 primam
673 3287 783 3342 dipodiae
806 3289 888 3332 sedem
908 3299 955 3332 non
976 3287 1133 3332 admittitur.”
1162 3287 1303 3335 Schutze.

294 3358 445 3412 §cripturam
464 3357 497 3401 nit
518 3368 619 3414 moror;
643 3358 685 3402 sed
703 3357 884 3412 pronuntiatio,
915 3371 974 3415 quae
997 3351 1036 3402 hie
1056 3357 1203 3416 requiritur,
1238 3373 1305 3416 prae-

294 3429 355 3472 tuttt
374 3428 491 3474 Italorum
508 3426 631 3487 uegliure.
678 3423 735 3486 (5⁰)
752 3424 835 3482 dicetp
853 3425 1011 3487 assidebunt]
1028 3428 1122 3472 Douza.
1157 3421 1201 3472 'Sic
1218 3442 1243 3474 v.
1264 3425 1304 3475 53.

292 3495 371 3544 Ruris
392 3494 434 3542 Iu'c
453 3502 523 3542 erunt
537 3497 649 3556 puellus.
687 3496 775 3540 Antius
792 3501 871 3542 tamen
889 3497 996 3552 praefert
1012 3499 1163 3559 praesentia,
1181 3500 1211 3544 de
1224 3512 1307 3544 nnme-

294 3569 330 3613 ris
348 3567 397 3612 atio
414 3568 468 3612 ioco
490 3571 596 3612 aeturus.
646 3565 699 3624 (51)
730 3565 851 3626 quidquid
874 3572 939 3612 recte
961 3568 1068 3613 restituit
1091 3569 1190 3613 Schutze
1211 3581 1224 3612 e
1247 3569 1306 3614 Cdd.

233 3659 235 3663 ·
293 3651 339 3695 pro
366 3636 481 3682 Saritai-ii
508 3642 632 3696 puotpuot.
671 3637 732 3682 item
754 3637 838 3682 Artius
863 3636 950 3692 prohat
972 3636 1094 3698 quidquid
1118 3643 1142 3684 et
1169 3639 1214 3683 eir.
1254 3639 1306 3684 lutii

293 3708 395 3754 Firmici
415 3709 494 3752 locuni
519 3707 548 3751 ad
575 3720 599 3752 v.
630 3703 671 3752 52.
693 3707 811 3754 attatum:
843 3704 964 3766 quidquid
979 3705 1114 3768 hyacinthi
1131 3712 1176 3754 cet.
1215 3709 1306 3754 Similis

295 3775 423 3823 difficultas
442 3781 480 3822 est
498 3777 523 3822 iu
545 3776 633 3822 Catuttt
655 3775 702 3832 11,
732 3774 791 3822 280.
830 3776 917 3835 (thid.)
945 3775 1039 3836 annus]
1058 3777 1243 3824 iam.Pithoeus
1265 3791 1306 3835 pro

214 3892 219 3901 ,
294 3846 372 3892 annia
384 3852 408 3892 et
426 3859 507 3893 annos
523 3846 584 3892 Cdd.
622 3843 677 3906 (52)
696 3861 784 3906 rumpe
802 3852 895 3893 cesum
907 3845 1045 3894 coniectura
1057 3850 1132 3894 mixta
1150 3848 1308 3894 ePithoeena

295 3931 383 3976 rumpe
402 3923 483 3963 uestes
504 3922 528 3963 et
545 3917 658 3974 Lipsiana
675 3922 870 3977 promanarunt
889 3918 993 3980 primum
1011 3924 1159 3964 memoratur
1178 3920 1304 3970 salmasio,

296 3992 395 4046 recepta
410 3992 446 4036 est
466 4003 482 4034 a
501 3985 589 4035 Sanam
610 3988 727 4047 Sciratae,
746 3988 861 4064 mosiis,
880 4001 965 4038 rursus
983 3987 1085 4048 probata
1106 3990 1137 4036 ah
1160 3988 1249 4048 Antio,
1267 3987 1304 4048 qui
