2768 4750
89 425 315 490 Auctoritatis
338 446 407 488 esse
430 423 511 488 scito
535 423 660 508 gratia:

90 531 146 592 Ut
170 525 296 612 quidam
319 526 456 589 artifices
479 537 591 589 nostro
614 524 732 588 iaciunt
753 527 877 608 seculo,

92 627 167 708 Qui
189 628 325 708 pretium
348 609 500 709 operibus
523 626 622 690 maius
642 626 824 702 inveniunt,
848 649 935 692 novo
1078 631 1098 694 5

93 730 135 793 Si
158 730 312 792 marmori
333 729 569 810 adscripserunt
589 727 775 794 Praxitelen
796 750 875 806 suo,

92 833 264 908 †Detrito
287 832 458 912 Myronem
482 840 630 914 argento.
675 831 814 892 Fabulae
837 829 1016 898 exaudiant.
1084 863 1106 904 ‘.

94 935 198 998 Adeo
218 934 342 996 fucatae
363 933 433 1016 plus
456 932 606 996 vetustati
626 930 715 994 leret

94 1034 227 1098 Invidia
249 1037 382 1100 mordax
403 1056 495 1119 quarn
518 1034 609 1098 bonis
631 1033 862 1116 praesentibus.

99 1139 169 1200 Sed
190 1137 250 1201 iarn
272 1140 313 1202 ad
332 1137 483 1201 fabellam
504 1136 576 1200 talis
597 1135 733 1218 exempli
755 1136 868 1202 feror:
1060 1141 1101 1202 to

523 1352 621 1413 [ran.
641 1353 683 1414 ι]

122 1503 399 1568 ueneratus
415 1503 513 1565 nex
534 1502 596 1562 eu
618 1499 885 1564 MENANDER
906 1485 1076 1567 Potin.

95 1649 96 1654 ’
144 1640 344 1716 Demetrius,
369 1640 424 1722 qui
445 1637 545 1701 dictus
568 1650 615 1700 est
635 1639 833 1714 Phalereus,

100 1745 247 1810 Athenas
269 1741 440 1823 occupavit
460 1739 596 1822 irnperio
618 1740 780 1828 improbo.

100 1848 149 1910 Ut
169 1865 239 1908 mos
260 1856 308 1908 est
329 1832 438 1928 voigi,
462 1841 579 1925 passim
602 1854 632 1905 et
654 1843 796 1906 certatim
819 1843 900 1908 ruit:

104 1946 330 2022 „Feliciteri”
346 1946 556 2009 ’srrcclamant.
601 1944 668 2026 lpsi
689 1943 849 2028 principes

105 2049 195 2112 Illam
218 2049 419 2122 osculantur,
443 2069 504 2130 qua
529 2057 601 2108 sunt
623 2046 790 2127 oppressi,
815 2070 956 2128 manum,
1072 2052 1100 2115 ‘5

107 2151 218 2214 Tacite
241 2161 401 2234 gementes
422 2149 542 2210 tristem
565 2147 712 2211 fortunae
736 2148 849 2214 ricem.

104 2251 303 2332 Quinetiam
326 2250 445 2314 resides
467 2261 498 2312 et
520 2262 690 2333 sequentes
713 2250 832 2328 otium,

103 2357 155 2418 Ne
176 2353 313 2416 doluisse
335 2365 467 2428 noceat,
491 2363 605 2434 repunt
628 2351 746 2414 ultimi:

102 2459 140 2521 In
161 2459 230 2540 quis
251 2456 445 2530 Menander,
471 2454 586 2517 nobilis
608 2453 804 2530 comoediis,
1089 2525 1093 2534 ‚

104 2559 189 2638 Quas
210 2557 313 2639 ipsum
335 2558 486 2640 ignoraus
510 2557 634 2640 legerat
654 2542 836 2620 Demetrius
1056 2562 1097 2624 to

104 2821 129 2860 ta
164 2812 231 2874 (luae
263 2809 385 2869 Aesopias
415 2811 439 2858 in
472 2826 523 2873 seq.
560 2813 699 2866 versiculo,
731 2818 780 2856 turn
807 2827 877 2870 quum
903 2826 945 2870 per
971 2817 1102 2863 versiculos

108 2883 180 2930 scribi
201 2884 304 2926 nondum
325 2883 415 2926 desitus
442 2887 505 2924 essct
525 2881 665 2935 Phaedrus,
686 2887 764 2924 ortum
786 2886 822 2926 est
839 2881 919 2942 (lueri
939 2897 982 2940 pro
1001 2886 1104 2941 simplici

103 2953 143 3000 ss.
161 2947 216 3008 (1³)
237 2949 311 3013 usus]
330 2964 354 3007 ρ.
374 2952 400 2994 s.
422 2971 451 2982 -
472 2963 519 2992 usu
538 2950 568 2995 e.
588 2950 619 3006 (a
639 2951 668 2994 u.
688 2950 745 2996 nisu
763 2951 878 3005 aarum.)
896 2949 952 3008 (tt)
970 2947 1104 3016 paurum]

105 3024 136 3068 Ρ.
162 3021 192 3067 il.
221 3022 297 3084 pgs.
328 3041 356 3052 -
386 3018 503 3079 Quintum
535 3018 616 3064 Ursin.
644 3020 722 3065 Beutl.
750 3041 779 3054 ι-
806 3019 917 3080 (luorum
935 3021 996 3066 Gud.
1016 3023 1100 3070 Bursa.

106 3089 190 3148 (lbid.)
208 3090 267 3134 dum
285 3087 363 3146 ouria]
382 3089 412 3134 R.
433 3089 493 3131 ltem
509 3086 561 3144 P.‚
581 3089 681 3133 testibus
699 3089 800 3135 Pithoeo
814 3095 838 3135 et
854 3089 972 3150 Bongars.
995 3111 1024 3125 -
1043 3091 1103 3136 dum

107 3159 198 3205 Varius
216 3165 293 3203 umen
314 3159 387 3202 edidit
403 3157 513 3213 Berger,
534 3157 600 3214 quasi
623 3159 656 3200 ita
675 3157 775 3203 haberet
794 3157 824 3200 Ρ.
846 3179 875 3192 -·
895 3163 921 3202 tu
936 3157 995 3202 dum
1009 3157 1102 3206 Verius

106 3232 173 3279 Brut.
195 3249 223 3260 -
244 3241 309 3270 nunc
331 3223 387 3284 (hoc
411 3240 464 3270 corn
488 3223 610 3282 Ursino.)
638 3225 729 3272 Variae
749 3227 810 3275 zeli.
834 3231 917 3272 contra
937 3233 1048 3274 metrum.
1071 3251 1100 3266 -ι

107 3299 164 3344 dum
181 3297 264 3344 uucioe
287 3310 311 3352 p.
335 3298 419 3344 Burm.
446 3316 475 3330 w
504 3308 570 3340 nunc
596 3295 678 3339 vocius
703 3297 729 3339 S.
748 3305 786 3342 oto
803 3309 876 3354 quum
897 3300 995 3342 accurit
1022 3299 1101 3346 nanu.

106 3363 158 3424 (15)
177 3389 206 3403 -··
234 3366 389 3427 obtruecture
412 3366 441 3409 P.
491 3361 544 3417 (18)
571 3361 728 3424 ἱναηψνίὶο]
746 3379 770 3420 p.
796 3365 822 3410 S.
844 3385 872 3396 -
892 3363 1053 3428 tranasse-etia
1069 3367 1099 3412 P.

106 3439 137 3484 li.
155 3437 209 3491 (non
221 3431 340 3495 seretis.)
375 3431 432 3490 (20)
452 3433 491 3478 Sic
509 3433 641 3487 Scioppius.
660 3435 761 3479 Desbiil.
781 3457 814 3471 -
831 3433 862 3482 Iu
879 3435 1021 3482 litterarum
1027 3437 1102 3493 pluu-
1192 3471 1194 3475 .

84 3519 160 3552 ‘aum
178 3506 215 3554 ire
234 3502 350 3551 desidero
367 3503 397 3549 P.
420 3503 450 3549 lt.
481 3513 506 3558 p·
536 3521 565 3532 ·-
584 3501 752 3549 inlitteratum
775 3504 895 3560 plausum
916 3517 961 3550 nro
985 3503 1102 3551 desidero

10 3591 14 3596 ’
105 3575 213 3622 Freinsh.
233 3575 259 3618 S.

155 3645 291 3690 Pronooos.
305 3641 397 3699 Incipit
405 3639 469 3684 liber
480 3637 508 3684 V.
520 3636 663 3696 interposuit
673 3641 787 3688 Pithoeus
798 3642 914 3688 arbitrato
923 3655 982 3688 suo:
996 3643 1037 3689 aad
1050 3643 1102 3686 eiua

107 3714 243 3760 sententiam
262 3710 412 3756 confirmavit
430 3711 474 3754 Cd.
497 3709 631 3758 lirinensis.
668 3712 728 3756 Vide
747 3713 770 3759 in
789 3709 834 3755 fine
855 3712 924 3756 huius
947 3711 1012 3757 libri.
1049 3710 1100 3769 „ln

105 3786 136 3830 P.
165 3797 210 3828 uon
235 3782 387 3840 distinguitur
410 3779 447 3826 laic
466 3779 526 3824 liber
558 3794 572 3824 a
602 3780 727 3838 reliquis.''
753 3782 874 3827 Bouosrs.
926 3777 963 3835 (2)
992 3776 1102 3840 reddidi]
1198 3784 1202 3788 ’

106 3868 132 3910 p.
145 3853 168 3896 S.
189 3876 221 3886 -
239 3850 314 3898 reddi
330 3851 359 3896 P.
376 3849 405 3894 u.
426 3849 468 3903 (--
486 3847 601 3908 quidcur’c
620 3847 678 3904 (sic)
696 3848 737 3903 Ρ.)
773 3843 819 3910 (6)
837 3845 995 3908 Praxitelen]
1013 3849 1042 3894 P.
1068 3848 1098 3892 ll.

108 3936 134 3983 p,
150 3921 174 3968 S.
195 3933 227 3972 ε·-
246 3919 483 3980 Praxiteteuzut.
530 3916 633 3978 (t)·ste
656 3923 769 3979 corrupte
795 3915 894 3978 (fabule
917 3916 960 3978 P.)
977 3917 1006 3965 P.
1025 3917 1055 3964 ll.
1075 3931 1099 3976 p.
