2796 4746
480 509 686 575 [res.xxn1

279 681 282 688 1
356 619 523 702 ussus
547 635 790 702 nsumnns.

285 785 398 842 Famem
415 799 515 836 aetem
530 779 722 834 autmantlbns
735 783 892 868 lugentum.

130 927 167 992 si
190 929 317 1014 quando
337 925 371 989 in
391 922 481 988 silvis
501 945 578 988 urso
595 925 711 988 desunt
732 917 865 1010 copiae,

88 1031 306 1114 Scopulosum
331 1032 371 1094 ad
388 1027 479 1091 littus
501 1026 603 1091 currit
624 1035 655 1090 et
676 1027 836 1109 prendens
856 1033 979 1106 petram
1010 1053 1015 1058 ·

89 1133 203 1200 Pilosa
229 1155 324 1199 crura
345 1131 460 1196 sensim
483 1128 621 1196 demittit
643 1131 747 1203 vado;

91 1238 239 1318 Quorum
259 1234 344 1298 inter
363 1234 460 1298 villos
482 1232 574 1297 simul
594 1235 763 1296 haeserunt
787 1251 952 1306 cenceros,

90 1341 129 1404 In
148 1350 268 1403 terram
291 1336 448 1422 arripiens
470 1335 592 1401 excutit
613 1339 763 1417 praedam
779 1333 879 1402 maris
1060 1332 1079 1396 5

92 1445 244 1528 Escaque
268 1440 388 1506 fruitur
409 1438 527 1524 passim
550 1438 688 1503 collecta
711 1438 816 1502 valer.

92 1547 188 1630 Ergo
209 1542 303 1610 etiam
324 1541 428 1610 stultis
450 1541 536 1608 acuit
556 1537 718 1627 ingenium
740 1541 852 1606 fernes.

479 1894 578 1956 [rau.
604 1895 704 1956 insu]

236 2059 240 2064 ’
334 2053 521 2120 VlA'l'OR
542 2045 606 2120 Et·
629 2051 831 2120 convtts

244 2213 348 2269 Verbis
362 2232 558 2288 saepenumero
581 2213 706 2268 tornines
725 2214 815 2286 decipi
831 2205 940 2272 'sedern

134 2363 272 2445 Quidam
296 2386 356 2446 per
376 2385 476 2450 agros
493 2362 622 2429 devium
645 2385 780 2449 carpens
800 2361 863 2428 iter

94 2470 170 2531 Ave.
194 2467 358 2550 exaudivit
382 2479 414 2533 et
434 2479 577 2533 moratus
599 2469 791 2555 paullulum,

94 2571 230 2636 Adesse
242 2581 276 2635 ut
299 2557 381 2635 sidit
402 2570 576 2649 neminem,
601 2571 688 2657 cepit
711 2573 860 2658 gradum.

95 2673 217 2738 lterum
242 2673 372 2752 salutat,
397 2673 481 2738 idem
504 2697 545 2739 ex
567 2674 699 2740 occulto
720 2697 837 2741 souuss

93 2775 187 2842 Voce
204 2777 359 2860 hospitali
381 2779 589 2843 confirmatus
610 2777 743 2854 restitit,

94 2875 154 2957 Ut,
178 2880 323 2968 quisquis
344 2892 443 2959 esset,
463 2902 523 2966 par
549 2882 694 2946 officium
714 2880 888 2965 reciperet.
953 2874 955 2878 ¹

97 2982 200 3062 Quum
226 2983 497 3069 circumspectans
515 3005 629 3051 errore
648 2981 801 3049 haesisset
821 2983 874 3046 diu

95 3085 138 3148 Et
159 3086 352 3171 perdidisset
372 3097 497 3170 tempus
520 3079 645 3174 aliquot
667 3085 806 3164 milium,

98 3189 246 3254 Ostendit
268 3212 340 3255 sese
360 3211 481 3254 corvus
500 3202 532 3254 et
552 3191 766 3274 supervolans

96 3289 171 3356 Ave
191 3311 292 3380 usque
314 3285 462 3378 ingessit.
507 3295 591 3361 Tum
612 3313 647 3358 sc
665 3295 768 3358 lusum
789 3291 1007 3380 intelligens
1046 3283 1092 3360 ll)

96 3393 141 3457 At
167 3397 248 3460 male
270 3395 330 3460 tibi
349 3395 409 3473 sit,
431 3395 553 3482 inquit,
578 3397 642 3461 ales
663 3396 819 3481 pessime,

101 3491 164 3578 Qui
186 3499 365 3565 festinantis
387 3499 468 3564 male
493 3497 657 3570 detinuisti
676 3503 828 3586 pedes.

145 3769 205 3818 Fls·
225 3764 299 3814 nl.
337 3763 377 3822 (3)
395 3764 513 3825 demittit]
532 3767 642 3811 Vat-
667 3767 769 3812 dimittit
788 3767 866 3822 Nessa
902 3765 989 3820 {lle
959 3780 989 3812 ee
991 3781 1065 3813 nem
1038 3767 1091 3828 res]

95 3837 214 3884 ῦ..-Ζ
233 3834 367 3881 eanertv·
370 3840 386 3880 t.
396 3835 446 3882 lles
433 3849 472 3891 ιιιι.
493 3835 530 3890 (l)
548 3833 677 3894 stultisll
698 3837 726 3880 C.
746 3837 829 3886 Ζ.-
848 3837 993 3883 stultsvat
1012 3838 1090 3894 Neam

143 3905 203 3955 Pus
223 3904 309 3954 xxu.
347 3901 577 3965 (llesnuqvat,
592 3896 659 3952 utC.
671 3907 701 3954 Ζ.
713 3907 916 3966 -sosatrtup
953 3906 1092 3968 (insule

94 3975 187 4042 sitqt
207 3976 291 4027 Ζ.·-
310 3973 356 4022 tot
372 3975 437 4022 mels
450 3977 507 4020 Vct.
528 3975 603 4052 lleap.
