2768 4750
69 463 275 546 Integritatis
298 463 351 546 qui
373 462 512 525 sincerae
535 463 699 543 conscius,

70 565 107 627 A
131 563 304 628 noxiorum
326 564 481 646 premitur
501 563 689 628 insolentiis.

71 665 144 746 Qui
166 667 245 742 sint,
268 666 429 748 requires:
453 670 648 748 apparebunt
670 679 826 750 tempore.

70 769 173 850 Ego,
199 772 356 851 quondam
379 767 443 851 legi
466 790 557 852 quam
579 791 659 851 puer
681 771 883 845 sententiam,

71 870 211 942 „Palam
235 869 347 933 mutire
368 869 496 952 plebeio
517 870 673 952 piaculum
696 871 781 950 est¹’,

5 953 10 971 ⁸
72 971 164 1034 Dum
187 971 303 1036 sanitas
325 973 499 1049 constabit,
524 973 861 1056 pulchre'meminero.
1034 975 1073 1038 35

510 1189 649 1250 [savir]

217 1319 221 1327 ’
247 1321 407 1404 roiam
429 1337 493 1402 sn
516 1336 907 1404 ruurrcnnounu.

123 1478 228 1556 Quum
252 1476 454 1540 destinassem
473 1475 642 1540 ,terminum
666 1477 757 1558 operi
779 1489 918 1541 statuere

77 1581 117 1642 ln
141 1583 223 1655 hoc,
249 1591 284 1642 ut
304 1578 371 1642 aliis
394 1589 477 1640 esset
500 1576 645 1640 materiae
667 1579 761 1654 satis,

78 1680 256 1746 Consilium
277 1681 375 1744 tacito
397 1681 494 1742 corde
518 1678 661 1740 damnavi
682 1701 812 1742 meum:

81 1786 166 1846 Nam
190 1783 216 1845 si
239 1782 308 1867 quis
330 1781 399 1844 talis
422 1791 469 1842 est
492 1781 583 1843 etiam
606 1780 687 1843 tituli
707 1795 887 1864 appetens,

81 1887 156 1964 Quo
179 1897 272 1966 pacto
295 1882 501 1959 †damnabit,
526 1881 672 1967 quidnam
695 1883 872 1961 omiserim,
1058 1892 1076 1951 5

80 1990 127 2054 Ut
149 1987 225 2050 illud
247 1985 348 2067 ipsum
371 1985 475 2067 cupiat
497 1985 597 2046 famae
620 1988 766 2062 tradere,

79 2091 144 2153 Sua
165 2088 277 2174 cuique
300 2110 394 2170 quum
416 2087 457 2149 sit
479 2085 572 2148 animi
594 2085 748 2170 cogitatio

79 2189 248 2276 Colorque
269 2189 438 2271 proprius!
461 2190 554 2272 Ergo
576 2209 639 2250 non
661 2188 774 2262 levitas
800 2191 894 2270 mihi,

79 2296 145 2356 Sed
165 2305 251 2354 certa
273 2290 354 2355 ratio
378 2312 503 2353 causam
525 2288 684 2352 scribendi
705 2290 802 2355 dedit.

79 2497 203 2553 pleverunt
220 2506 242 2552 v,
263 2505 343 2536 meum
364 2491 482 2550 bongars.
503 2491 565 2544 lilii,
586 2504 631 2534 non
653 2489 777 2540 Pithoeus.
798 2494 861 2538 'l'um
879 2496 905 2540 S.
928 2517 956 2528 -
975 2495 1079 2542 darana-

78 2564 204 2610 cietatim
221 2563 300 2606 Benll.
338 2557 380 2618 (lt)
398 2559 465 2603 titali
480 2557 608 2616 appetens]
627 2560 777 2605 b'reinsbern.
796 2564 822 2607 S.
841 2583 875 2598 -
893 2579 942 2609 orn.
960 2569 1078 2622 supplem.

78 2638 199 2692 appetens
216 2632 246 2675 P.
269 2632 299 2674 lt.
321 2644 344 2684 p.
366 2630 412 2684 (hic
431 2643 483 2672 curn
498 2626 586 2684 aster.)
604 2652 637 2662 —
655 2629 722 2672 titali
736 2627 833 2689 artifex
853 2634 909 2693 Εἰς,
929 2658 961 2668 -
979 2637 1004 2680 ai
1022 2635 1079 2694 qui,

79 2705 157 2748 eliam
174 2701 234 2745 talia
256 2705 296 2744 eat
319 2699 386 2742 titali
409 2698 473 2741 liber
492 2699 609 2756 Bougars.
628 2719 663 2733 -
679 2698 704 2741 oi
728 2700 770 2757 qai
788 2702 848 2745 talio
865 2703 940 2746 etiam
959 2703 1026 2749 risun
1042 2709 1081 2750 θη

2 2796 8 2803 l
79 2771 194 2818 aemulae
212 2771 290 2816 Benll.
339 2769 465 2824 Utriusque
484 2768 640 2821 supplementi
657 2769 772 2812 sententia
790 2785 864 2828 aeque
881 2777 947 2817 recta
968 2774 1025 2817 mibi
1043 2774 1079 2818 vi·

2 2851 5 2875 ³
79 2846 159 2888 detur.
195 2839 242 2882 lies
261 2839 313 2893 ipsa
334 2842 371 2882 est
388 2839 487 2882 incerta.
525 2833 562 2892 (5)
581 2833 718 2894 damnabit]
737 2838 767 2882 P.
787 2839 816 2884 lt.
837 2853 861 2895 p.
881 2861 913 2876 ·-
934 2840 1079 2897 licentiabit,

2 2935 6 2944 .,
51 2922 57 2929 ’
79 2908 146 2972 quod
159 2908 289 2967 quicquam
305 2920 329 2951 o.
348 2907 466 2964 Bongars.
514 2906 581 2962 Quod
608 2907 635 2948 ad
655 2908 795 2950 seutentiam
818 2909 893 2963 ipsam
917 2914 999 2956 attinet
1017 2912 1078 2955 baud

80 2981 152 3026 nimis
170 2979 241 3022 male.
278 2978 324 3020 Sed
341 2975 470 3035 dnmpabit
487 2975 584 3018 tolerari
601 2977 681 3031 nequit
701 2990 747 3018 non
761 2979 838 3024 solum
856 2985 953 3034 propter
965 2985 1078 3034 metrum,

2 3062 4 3083 l
81 3052 125 3096 sed
145 3047 216 3092 etiarn
233 3051 331 3103 propter
349 3041 493 3092 praecedens
511 3043 642 3097 delatravi,
663 3057 691 3088 ex
710 3059 756 3102 quo
777 3046 929 3091 librariorum
947 3042 1080 3114 ἁβλεψίᾳ

3 3141 5 3150 .
80 3125 159 3164 ortum
178 3120 221 3163 est.
256 3116 311 3160 lude
331 3128 344 3157 a
362 3114 466 3172 Rigaltio
484 3111 541 3170 (td.
563 3110 599 3167 2.)
617 3113 687 3156 nimis
705 3116 822 3167 patienter
837 3117 1077 3173 acquieveruntEdd.

2 3180 3 3186 ἵ
80 3193 106 3235 in
122 3187 238 3231 lectione:
259 3183 310 3244 Quo
325 3190 400 3240 parto
416 3182 536 3228 divinabit
541 3194 552 3235 ,¹
571 3195 640 3237 quae,
663 3187 834 3228 sententiarum
854 3199 940 3230 nexum
962 3187 1002 3230 ubi
1024 3194 1079 3229 exa-

2 3276 3 3280 *
82 3257 196 3308 initiaris,
227 3265 326 3308 prorsus
346 3253 448 3296 absurda
466 3256 511 3294 est.
554 3251 613 3295 Mihi
632 3251 711 3294 liberti
730 3254 805 3296 nostri
825 3253 881 3298 baec
904 3269 986 3299 ananus
1003 3255 1077 3298 inisse

81 3329 189 3374 videtur:
210 3321 262 3382 Quo
282 3326 356 3380 paeto
381 3319 572 3372 demonstrabit,
598 3319 716 3377 quidnam
733 3323 877 3378 omiserirn3
897 3323 914 3368 i.
938 3340 959 3368 e.
980 3329 1079 3381 quanto·

81 3411 138 3454 pere
148 3395 252 3439 aemulus
264 3405 331 3436 meus
341 3405 394 3436 sose
403 3385 741 3443 iactabitlndemonstrandls‚
756 3389 935 3446 (nachwes'oen)
945 3394 983 3446 iis,
995 3407 1054 3448 quae
1065 3407 1079 3434 a

2 3479 3 3492 ³
81 3481 121 3512 me
131 3465 177 3508 sint
189 3463 286 3506 omissa.
295 3463 326 3504 V.
340 3459 521 3503 dernonatrabit
532 3463 609 3501 autern
619 3471 661 3512 per
668 3461 789 3512 compendi
794 3474 831 3504 um
841 3462 934 3518 aliquod
948 3462 1077 3519 scriptum,

81 3534 234 3594 praecedente
247 3533 388 3586 praesertim
394 3544 418 3574 v.
432 3527 563 3580 damnari,
578 3527 689 3572 facillime
700 3529 722 3571 iu
731 3543 752 3572 v.
762 3528 890 3575 damnabit
901 3532 966 3575 abire
975 3533 1076 3585 poterat.

79 3603 266 3652 Perrersitatem
284 3599 431 3657 Rigaltianae
447 3597 556 3642 lectionis
572 3611 601 3640 cx
616 3602 681 3650 parte
696 3599 863 3644 animadvertit
878 3603 923 3644 iam
939 3599 1077 3657 Bentleins,

81 3687 153 3732 quum
166 3673 186 3716 ei
196 3671 290 3714 medere
301 3669 396 3722 cupiens
406 3668 430 3712 in
443 3680 509 3723 seqq.
522 3667 581 3708 rnale
596 3667 674 3722 utique
688 3667 817 3713 scriberet:
834 3670 913 3712 antini
924 3667 1080 3712 conscientia

80 3744 204 3799 Dolorque
207 3739 338 3796 proprius.
350 3737 438 3782 Nostra
445 3750 473 3780 ex
480 3736 572 3780 ratione
579 3750 640 3780 nunc
648 3736 725 3779 omnia
733 3739 819 3791 optime
827 3742 965 3796 congruunt.
974 3733 1080 3790 (illaad

83 3805 263 3870 ipsnmcapiat]
272 3807 357 3860 Guyet.
365 3806 452 3849 Faber.
462 3807 487 3848 S.
495 3805 605 3848 -illam
612 3805 835 3863 ipsamcupiarnl’.
842 3807 871 3850 R,
885 3821 907 3861 p.
923 3804 957 3860 (7)
966 3818 1077 3863 -qaam

81 3884 120 3928 sic
130 3881 159 3923 ll.
170 3883 229 3922 leste
238 3879 308 3922 Viuc.
327 3874 366 3930 (ll)
378 3871 509 3932 proprias]
519 3874 632 3918 liittersh.
648 3876 672 3917 S.
688 3898 720 3906 —
730 3876 803 3931 prior
811 3877 840 3920 P.
854 3877 883 3919 R.
896 3900 927 3910 --
939 3874 1042 3932 propior
1053 3888 1075 3927 p.

81 3945 277 4011 (ldlfarticulnj
285 3945 338 4002 p.S.
347 3943 547 4002 —parlicalaP.
557 3943 585 3986 ll.
599 3939 793 4003 (ibid.)sabutis]
800 3959 823 4001 p.
836 3941 1003 4005 S.-sabutae
1010 3943 1039 3989 Ρ.
1048 3943 1078 3987 n.
