2788 4772
301 289 342 352 48

301 427 346 490 Et
368 425 428 490 sibi
450 427 598 492 nocivum
621 427 781 493 concitant
801 428 991 512 pericnlum.

345 531 475 595 Asellus
497 525 695 614 apro'annn
716 531 830 596 luisset
853 534 985 608 obvius,

303 635 419 710 Salve,
442 635 563 718 inquit,
586 634 701 698 frater.
746 635 805 698 Ille
826 635 992 720 indignans
1013 636 1159 719 repudiat
1284 639 1301 700 5

302 738 447 803 Officium
470 750 500 800 et
522 737 665 820 quaerit,
687 759 744 800 eur
767 737 813 801 sie
837 739 964 803 mentiri
985 742 1074 804 velit.

301 841 420 904 Asinus
443 840 578 903 demisso
599 861 700 922 pene:
725 840 862 903 Similem
885 841 911 904 si
933 864 1032 926 negas

300 943 375 1006 Tibi
397 964 448 1006 me
470 964 558 1019 esse,
583 957 670 1006 certe
692 943 792 1006 simile
815 956 861 1007 est
884 946 947 1008 hoe
967 956 1079 1010 rostro
1101 957 1172 1010 tuo.

298 1046 410 1127 Aper,
434 1067 529 1128 quum
552 1046 648 1109 vellet
667 1047 775 1109 faeere
797 1067 988 1129 generosum
1011 1048 1182 1132 impeturn,

303 1149 475 1231 Repressit,
491 1148 569 1211 irem
594 1161 644 1211 et:
667 1149 784 1214 Facilis
806 1149 941 1212 vindicte
963 1163 1010 1215 est
1032 1151 1124 1230 mihi,
1262 1158 1301 1216 10

301 1254 365 1316 Sed
387 1251 545 1336 inquinari
566 1254 644 1318 nolo
666 1255 785 1339 ignavo
808 1252 974 1337 sangnine.

687 1473 787 1536 [ren.
807 1472 912 1536 nnn]

298 1623 458 1687 RANAE
481 1625 769 1706 ME'rtJENTns
791 1623 1059 1690 TAURORUM
1074 1625 1300 1690 PROELIA.

339 1763 483 1827 Humiles
504 1765 673 1838 laborant,
696 1763 751 1826 nbi
774 1775 921 1845 potentes
945 1765 1107 1828 dissident.

297 1866 387 1930 Rana
409 1866 440 1929 in
462 1867 576 1948 palude
596 1887 734 1950 pugnarn
758 1877 922 1929 taurorum
945 1867 1090 1946 intuens,

295 1971 370 2034 Heu
394 1981 506 2052 quanta
530 1968 621 2032 nobis
643 1969 739 2031 instet
760 1969 931 2050 pernicies!
954 1969 1009 2032 eit.

296 2072 501 2157 Interrogata
523 2074 564 2135 ab
586 2071 665 2148 alia,
689 2093 747 2134 cnr
767 2072 832 2135 hoc
854 2072 990 2150 diceret,

295 2175 348 2246 De
369 2175 550 2259 principatu
570 2197 667 2259 quum
689 2173 736 2237 illi
757 2186 915 2238 certarent
937 2175 1047 2261 gregis

293 2255 478 2364 [ongeque
501 2280 541 2342 ab
564 2278 658 2352 †illis
680 2280 831 2362 degerent
852 2278 948 2342 vitam
971 2281 1092 2344 boves:

246 2404 251 2411 ·
296 2382 357 2446 Est
379 2382 473 2445 statio
492 2395 635 2464 separata
658 2403 695 2444 ac
718 2381 875 2444 diversum
898 2403 1015 2466 genus:

295 2485 359 2548 Sed
380 2484 489 2567 pulsnt
512 2506 615 2570 regno
636 2483 774 2548 nemoris
797 2484 850 2568 qui
871 2483 1073 2570 profugerit,

345 2705 404 2750 Fre.
426 2704 525 2749 XXIX.
546 2703 584 2763 (2)
602 2703 771 2765 dlelrlngunt]
789 2705 877 2760 anet.
897 2705 942 2750 cfr.
962 2705 1018 2751 Lib.
1039 2704 1069 2762 l,
1091 2702 1115 2752 7.
1135 2727 1169 2742 ···
1187 2705 1297 2754 electrin-

291 2779 356 2835 gunt
383 2774 412 2818 P.
438 2788 462 2829 p.
494 2776 520 2819 S.
566 2773 603 2830 (7)
626 2773 739 2819 demisso
761 2773 837 2834 pene]
861 2776 944 2822 Bnrm.
967 2778 993 2820 S.
1013 2798 1046 2810 ·-
1064 2775 1170 2822 dllnieeo
1192 2792 1258 2834 pene
1268 2780 1296 2822 P.

292 2845 438 2899 „necentius
457 2849 592 2890 correctum
613 2844 677 2902 pede
695 2843 767 2902 (unde
786 2844 916 2899 Pithoeus,
935 2844 1055 2891 demleele
1072 2845 1203 2904 pedibue.)
1251 2849 1298 2892 Sed

292 2916 361 2970 prior
387 2919 506 2970 scriptura
523 2915 593 2959 facile
618 2915 793 2973 dignoscitur.”
828 2915 906 2959 Bene.
926 2938 959 2948 -
978 2915 1086 2961 dilutae«
1099 2929 1165 2972 pene
1180 2917 1211 2961 ll.
1233 2922 1293 2961 teste

228 3031 229 3037 χ
291 2985 428 3028 Vincentio.
458 2993 497 3030 mo
522 2985 615 3028 emino
636 2998 701 3042 pene
726 2984 813 3029 Bothe.
862 2984 946 3040 (lbid.)
968 2983 1082 3030 Similem
1104 2983 1138 3046 el]
1165 2986 1196 3031 Ρ.
1216 2987 1246 3032 ll.
1268 2987 1294 3033 S.

292 3077 325 3088 -
343 3054 368 3097 ei
385 3055 495 3098 similem
512 3068 536 3110 p.
557 3055 640 3099 Burm.

343 3124 402 3168 Fen.
424 3124 511 3168 XXX.
549 3121 587 3182 (5)
606 3137 679 3183 quum
702 3122 743 3169 illi
764 3119 900 3182 certarent]
919 3124 948 3167 P.
976 3122 1007 3166 lt.
1027 3136 1051 3177 p.
1098 3124 1135 3180 (ln
1152 3123 1198 3168 Ed.
1217 3125 1293 3182 Berg.

291 3205 376 3238 errore
394 3198 507 3253 typogm
527 3208 583 3238 cnm
603 3194 646 3238 ille
664 3192 725 3246 illi.)
744 3215 778 3227 -
795 3207 869 3251 quum
890 3192 1048 3238 decertarent
1068 3195 1151 3239 lleins.
1173 3196 1209 3238 8.·
1231 3195 1294 3238 'rum

289 3263 321 3308 Ρ.
342 3277 356 3306 n
380 3277 428 3307 see.
457 3278 527 3308 rnnnn
545 3265 622 3308 male:
642 3253 754 3323 ἔνεμ’
784 3261 820 3318 (6)
844 3263 875 3306 eb
894 3259 960 3322 illie]
978 3262 1007 3306 P.
1027 3263 1057 3306 ll.
1078 3277 1102 3320 p.
1122 3265 1148 3308 S.
1169 3269 1292 3326 corrupte.

290 3341 328 3379 Ν
346 3331 376 3375 ab
397 3332 461 3389 ἑριίε
478 3334 549 3378 Both.
576 3333 639 3378 Zell.
663 3332 757 3378 Placet.
777 3355 810 3366 -
834 3331 864 3375 ab
888 3332 952 3376 nlole
972 3331 1075 3382 Deebill.
1112 3329 1151 3390 (7)
1170 3333 1210 3378 sie
1229 3333 1291 3379 Gnd.

290 3403 317 3448 S.
337 3425 370 3435 —-
388 3400 435 3446 Est
449 3404 515 3447 rollo
535 3409 671 3462 reparata,
692 3398 787 3461 inquil,
808 3415 838 3446 ae
858 3401 984 3446 diversum
999 3415 1081 3461 genre
1098 3403 1128 3450 Ρ.
1146 3404 1176 3449 R.
1193 3425 1227 3438 -·
1244 3403 1294 3448 lla·

290 3473 326 3517 tio
345 3477 382 3517 eet
396 3479 516 3529 separata
534 3473 570 3516 ait
591 3487 621 3517 ae
639 3471 665 3516 d.
683 3485 711 3532 g.
732 3485 756 3527 p.
798 3472 1086 3526 Henotrenepoeitionem
1104 3473 1225 3529 improbat
1241 3475 1294 3529 ipse

288 3542 355 3588 Pith.
375 3543 399 3586 in
426 3543 487 3587 Ver.
509 3541 586 3587 Leett.
635 3540 671 3597 (8)
701 3541 751 3586 Sed
765 3539 867 3598 palene]
886 3540 969 3585 llnrrn.
990 3541 1015 3586 S.
1036 3563 1069 3575 -
1086 3540 1217 3600 Expuleoe
1236 3541 1292 3597 (sle)

289 3611 321 3658 Ρ.
341 3613 370 3656 ll.
391 3636 423 3646 -
437 3610 572 3670 Expellere
589 3626 614 3670 p.
634 3611 678 3667 (-
692 3607 844 3671 profugeret
863 3607 1035 3666 farndun.)
1079 3610 1135 3669 (11)
1152 3608 1293 3670 Italeopnt]

288 3682 321 3728 Ρ.
337 3683 416 3730 Bentl.
437 3706 470 3716 -
488 3679 566 3741 Caput
584 3681 620 3726 lta
635 3695 659 3736 p.
676 3682 702 3726 8.
738 3680 876 3739 „Correxit
892 3679 957 3724 Pith.
982 3677 1059 3737 Capul
1075 3682 1128 3727 ita:
1146 3684 1208 3740 qnod
1224 3696 1292 3728 reee-

288 3758 356 3808 ptum
371 3753 464 3798 videtur
481 3754 510 3796 ab
529 3753 660 3796 editoribus
680 3756 705 3794 nt
722 3750 841 3806 scriptura
865 3749 978 3806 Codicis;
998 3764 1068 3808 quum
1087 3751 1228 3806 lectionem,
1252 3750 1292 3796 Ila

289 3827 365 3878 copul
384 3835 475 3868 merem
493 3822 594 3868 Bentleii
615 3826 639 3866 et
655 3821 721 3865 Harii
741 3821 901 3864 coniecturam
919 3820 1055 3875 putarent?
1072 3822 1150 3865 Bene.

342 3891 400 3936 Fre.
421 3891 520 3938 XXXI.
558 3889 596 3948 (2)
618 3913 646 3924 -
667 3891 793 3936 auxilinm
811 3892 841 3936 Α.
860 3890 939 3935 Bentl.
978 3888 1061 3946 (lbid.)
1079 3887 1196 3950 exitium]
1215 3904 1238 3948 p.
1264 3893 1290 3938 S.

290 3983 323 3996 ·-
342 3961 439 4006 exitum
453 3963 484 4007 P.
532 3958 570 4020 (³)
597 3959 712 4022 miluum]
729 3961 759 4007 Ρ.
781 3960 812 4008 ll.
832 3961 858 4007 8.
880 3979 909 3994 -·
929 3961 1041 4008 milvium
1059 3965 1083 4005 et
1100 3973 1124 4007 v.
1144 3957 1185 4008 10.
1205 3962 1290 4006 milvio
