2768 4750
1042 367 1101 430 151

93 499 191 564 mrrlta
208 521 283 564 saue
305 493 402 584 quarum
432 499 568 582 plurium
588 498 695 577 Cdd.,
720 511 785 566 tum
811 503 1015 572 coniecturae
1038 527 1102 590 ope

91 602 126 666 iu
149 613 212 666 tam
234 605 413 686 depravato
435 606 584 685 poe'mate
606 603 754 692 corriget
775 606 960 688 posterius.
983 647 986 656 ·

278 838 344 902 EX
367 837 535 906 GROTII
557 831 918 906 PRAEFATmNtJ..

157 1005 211 1070 Ad
240 1005 459 1089 exscriptores
484 1019 516 1072 ct
542 1007 737 1090 exemplaria
761 1008 947 1087 veniamus,
985 1023 1017 1078 ct
1034 1034 1101 1083 ‚uua
1203 1093 1206 1100 Ι

89 1107 171 1194 quid
188 1130 247 1173 uus
269 1108 302 1172 iu
328 1110 521 1176 Germanico
544 1111 815 1194 praestiterimus,
841 1134 933 1196 quem
956 1115 1100 1184 ordinem

91 1224 125 1274 et
147 1214 274 1276 modum
293 1212 324 1278 in
345 1223 434 1276 textu
457 1212 603 1300 notisque
625 1213 728 1278 secuti
749 1213 864 1292 simus,
888 1215 1030 1282 breviter
1045 1237 1102 1282 ex-

90 1315 261 1399 plicemus.
318 1315 551 1399 Exscriptores
587 1328 699 1381 nactus
735 1330 784 1382 est
821 1318 1102 1404 imperitissimus,

89 1421 175 1484 adeo
203 1417 314 1483 utrix
336 1430 443 1502 putem
467 1419 561 1482 alium
584 1419 763 1504 quempiam
783 1432 847 1490 tam
870 1421 983 1498 misere
1005 1444 1101 1488 exce·

92 1535 198 1606 ptum.
241 1522 412 1586 Rationem
438 1521 589 1606 quiaeris?
610 1522 701 1586 Nulli
724 1523 823 1588 lernae
845 1524 897 1588 alii
920 1524 981 1602 furit
1005 1525 1099 1606 usui,

90 1624 153 1696 nisi
177 1637 210 1688 ut
236 1623 427 1710 imaginibus
451 1624 641 1688 caelestibus
667 1624 801 1708 depictis
825 1627 965 1704 carmina
996 1627 1099 1708 illius,
1160 1653 1163 1660 ’

91 1730 182 1814 quod
199 1728 231 1792 iu
258 1727 329 1792 aliis
349 1748 479 1812 quoque
501 1726 637 1812 picturis
659 1729 829 1808 usitatum,
852 1734 893 1800 ad
912 1731 1102 1816 explicatiu-

89 1854 164 1896 nem
186 1829 422 1904 subservirent-3
446 1851 528 1916 quiae
550 1831 644 1896 etiam
668 1854 764 1898 causa
786 1845 851 1912 cst,
875 1855 934 1904 cur
947 1837 1101 1912 hactenus

90 1934 231 2018 primum
245 1944 365 1996 tantum
379 1945 471 2017 parte
484 1935 733 2010 Phaenomeuun
748 1936 845 2003 luserit
860 1937 1101 2011 editur.=1dem

92 2038 187 2100 etiam
217 2035 418 2102 occasionem
441 2037 636 2123 quibuslibet
659 2039 821 2121 praestitit
844 2062 906 2124 pru
927 2063 988 2109 suo
1009 2063 1100 2109 erre·

91 2143 155 2204 bro
171 2162 240 2204 euru
262 2140 461 2217 immutandi,
487 2141 667 2218 mutilandi,
693 2143 848 2226 erigendi;
872 2145 1002 2218 multum
1018 2144 1101 2212 enim

90 2244 263 2310 maiestatis
289 2254 321 2308 et
337 2243 537 2322 reverentiae
561 2245 720 2326 opusculo
740 2245 848 2309 divino
871 2245 1018 2318 detritum
1033 2259 1100 2325 ssi,

24 2356 26 2362 '
84 2370 190 2434 ‚quum
215 2346 380 2413 mantissae
403 2347 477 2410 loco
510 2346 701 2432 imaginibus
723 2347 784 2413 illis
806 2349 984 2415 accederet.
1034 2351 1104 2418 Ita·

91 2472 157 2536 qaue
174 2472 286 2515 verum
308 2453 346 2514 de
362 2451 573 2526 Germanico,
597 2455 685 2535 quud
705 2453 790 2516 etde
806 2450 973 2528 Aratoait
992 2455 1103 2527 ‘'nenn-

88 2555 174 2617 tius:
200 2544 350 2646 Ὅμηρον
367 2559 427 2639 μὲν
443 2547 480 2620 ‘ab
497 2543 585 2633 εἶδος
602 2558 758 2646 γραφέων
773 2549 932 2642 βλάπτει,
965 2557 1030 2634 τῶν
1049 2559 1104 2643 βι-

88 2651 317 2748 βλιογράφων·
357 2651 507 2746 ’Ἄρατον
532 2658 568 2724 δὲ
595 2651 671 2737 δύο,
702 2653 957 2751 βιβλιογράφων
977 2685 1012 2728 τι
1047 2665 1104 2728 rui

88 2757 289 2853 ζωγράφων.
333 2760 454 2826 Eadem
475 2760 607 2826 fortuna
630 2761 814 2828 Germanici
842 2765 928 2846 aprrd
951 2763 1099 2844 Latinus,

91 2887 174 2950 quae
193 2863 287 2930 Arati
302 2866 386 2947 apud
402 2865 560 2930 Graecus.
605 2865 726 2930 Videas
746 2867 906 2953 vulgatam
918 2865 1099 2946 sditionem,

90 2989 176 3053 quae
199 2969 419 3052 quadruplex,
454 2968 586 3045 aldina,
618 2968 830 3046 Basileeasir,
860 2969 1044 3044 Mureliana
1069 2981 1102 3036 et

93 3074 371 3149 Sanctandreaua,
390 3069 475 3141 inter
498 3093 576 3155 traaas¹
600 3093 711 3142 nmues
731 3071 858 3146 minima
879 3085 927 3146 est
950 3073 1101 3148 differem·

92 3176 157 3256 tia,
195 3175 250 3249 Dii
272 3175 369 3250 boni,
406 3187 487 3259 quot
504 3175 536 3238 iu
562 3196 597 3242 sa
623 3197 734 3242 versus
757 3176 889 3253 emissi,
926 3188 1007 3260 quer
1028 3199 1102 3254 ear·

92 3279 178 3346 mina
206 3278 249 3345 ita
275 3277 388 3344 misere
409 3280 554 3354 detorta,
589 3289 625 3341 ut
654 3277 772 3352 ιιιιΙΙιιιιι
802 3289 927 3354 maneat
947 3280 1099 3368 ¹veritatis

90 3380 283 3466 vestigium!
308 3380 499 3456 omissionis
513 3403 619 3457 carisa,
644 3387 731 3467 quaed
745 3403 883 3464 paucus,
905 3385 990 3456 nulla
1006 3403 1101 3468 saepe

99 3485 275 3563 sententia,
299 3505 413 3552 rarius
435 3484 614 3570 deligerent
635 3484 826 3571 imaginibus
848 3481 1100 3560 adscribendos:

88 3587 303 3665 distorsionis,
334 3587 493 3671 pistorum
522 3587 678 3672 imperitia
702 3599 734 3652 et
763 3589 871 3672 operia
892 3590 992 3674 ipsius
1020 3611 1100 3689 cnu-

87 3703 250 3775 inemptus,
275 3691 348 3776 quia
374 3691 487 3760 iamin
508 3693 639 3777 vulgum
666 3693 800 3764 abierat.
846 3693 966 3762 Videas
991 3691 1126 3766 manu-¹

90 3794 244 3878 scriptum
276 3816 368 3882 quem
398 3817 416 3862 a
453 3795 538 3870 Viro
571 3797 670 3863 Non,
692 3798 760 3872 Iac.
793 3797 888 3867 Surio
917 3797 1099 3882 proiectum

91 3900 232 3964 eiusdem
255 3899 444 3976 heredibus,
476 3921 535 3962 uec
557 3921 620 3964 nou
645 3921 806 3986 generoso
830 3913 862 3965 et
884 3901 1097 3968 errsditissiruu

90 4003 197 4083 Viro,
221 4002 267 4068 D.
289 4003 370 4068 lano
392 4002 541 4082 Duusae,
575 4003 665 4069 cuius
687 4026 787 4087 opera
809 4004 891 4070 liber
910 4004 967 4071 ille
988 4009 1027 4070 ad
1049 4027 1099 4071 ue
