2796 4746
375 761 809 866 rnussnrro

499 965 687 984 ..n—fin·—

150 1100 235 1166 Rem
258 1110 380 1182 gratam
402 1098 579 1182 philologis
595 1097 753 1162 facturum
775 1119 824 1160 me
842 1053 989 1173 conlido,
1014 1099 1096 1164 Per·

89 1201 202 1286 vigilio
226 1201 388 1276 Veneris,
413 1201 590 1266 semidoeto
613 1213 645 1264 et
667 1200 814 1283 plebeio,
845 1203 901 1266 sed
922 1211 1025 1264 tanuen
1047 1213 1097 1265 te·

89 1327 167 1370 uero
186 1299 224 1367 ao
245 1303 333 1372 molli
355 1308 503 1386 po‘e'mate
527 1307 565 1370 ad
585 1317 775 1389 utrumque,
800 1303 855 1388 qui
873 1323 957 1368 nune
982 1325 1096 1386 super·

89 1419 157 1484 est,
199 1407 353 1472 Codieem
389 1408 522 1470 Salmas.
565 1419 595 1470 et
632 1407 722 1471 Pith.
757 1407 960 1485 accuratius,
1000 1427 1095 1493 quam

87 1532 225 1593 unquam
245 1510 452 1574 antefactum
470 1520 536 1583 est,
562 1521 690 1573 exacto.
734 1509 860 1574 Nimias.
874 1511 982 1594 utique
997 1531 1093 1595 quum

87 1614 175 1676 mariti
197 1614 306 1676 laudes
335 1613 366 1676 ei
386 1614 551 1687 tribuant,
585 1633 791 1678 numerorum
814 1613 843 1674 in
868 1613 998 1695 primis,
1026 1625 1093 1678 tum
1131 1658 1133 1668 ,

86 1718 309 1780 nonnullarum
324 1718 416 1779 etiam
439 1715 609 1800 imaginum
625 1715 746 1778 deliciis
768 1717 871 1797 eapti,
896 1717 949 1780 alii
968 1737 1093 1796 rursus,

85 1820 231 1884 homiues
247 1819 339 1882 nimis
357 1819 464 1882 tristes
479 1839 517 1880 ao
538 1821 661 1894 severi,
685 1803 853 1904 malignius
873 1843 965 1903 quam
986 1821 1092 1904 verips

86 1925 121 1985 de
137 1926 252 1987 eodem
267 1913 417 1985 iudicium
439 1923 528 1984 ferre
545 1922 662 1986 solent.
706 1924 871 1990 Etenima
892 1927 989 2006 po'e'ta
1005 1925 1092 1990 Afro

86 2026 181 2089 seculi
208 2026 292 2088 tertii
316 2007 460 2088 exeuntis
487 2026 540 2090 vel
570 2025 674 2107 quarti
697 2040 773 2106 post
796 2025 959 2095 Christum
985 2006 1111 2092 natum!

86 2129 116 2192 hi
137 2129 315 2212 perfectam
335 2131 379 2192 D.
404 2129 544 2212 Augusti
567 2129 678 2192 aetatis
701 2128 889 2209 elegantiam
916 2151 1091 2214 sensusque

86 2253 158 2296 vere
180 2233 347 2296 Romanos
370 2254 466 2314 quum
483 2229 666 2315 requirant,
693 2231 747 2296 vix
770 2231 860 2294 aliter
879 2232 949 2294 fieri
970 2244 1090 2314 potest,

87 2357 176 2418 quam
210 2347 244 2398 ut
280 2335 436 2398 acerrime
469 2335 500 2397 in
534 2323 694 2398 hominem
721 2355 857 2416 prorsus
890 2334 1091 2399 innocentem
1166 2323 1171 2333 ¹

85 2437 286 2502 invehantur.
302 2439 417 2522 Itaque
428 2459 531 2518 nuper
543 2438 662 2504 sactum
671 2437 760 2500 vidia
770 2437 940 2521 philologo
951 2440 1090 2522 quodam

86 2541 282 2625 Hegeliano,
308 2562 445 2623 quorum
469 2561 698 2622 saepenumero
721 2542 858 2621 permira
874 2551 946 2604 sunt
961 2540 1090 2606 iudicia.

86 2646 173 2721 Nos,
207 2645 263 2730 qui
283 2643 376 2706 nullis
400 2665 538 2725 unquam
556 2643 777 2725 Sophistarum
797 2644 916 2708 scholis
936 2645 1089 2722 obnoxii,

87 2748 302 2834 antiquitatem
327 2748 426 2828 ipsam
448 2769 509 2826 per
523 2767 557 2809 se
573 2759 603 2810 et
618 2760 796 2827 spectamus
811 2758 843 2810 et
856 2748 1089 2831 cognovimus,

86 2851 267 2934 saepissime
289 2853 320 2915 in
339 2851 399 2914 alia
422 2851 524 2914 omnia
541 2852 689 2913 abeamus
715 2871 843 2916 neeesse
865 2862 931 2914 est:
955 2851 1089 2914 rectius·
1165 2860 1171 2865 '

87 2975 144 3036 que
163 2954 294 3018 omnino
322 2957 360 3016 de
382 2965 458 3024 tota¹
476 2953 606 3020 istarum
626 2954 807 3017 scholarum
831 2953 981 3029 stultitia,
1007 2975 1088 3038 quae

88 3069 204 3120 certam
234 3069 327 3140 atque
348 3057 440 3119 unice
464 3078 571 3120 veram
595 3055 799 3137 sapientiam,
824 3055 1006 3132 scientiam,
1032 3078 1089 3119 ve·

86 3160 206 3224 ritatem
236 3159 496 3244 arrogantissime
517 3179 586 3222 sese
608 3160 744 3236 iactitat,
769 3158 938 3242 aliquando
967 3158 1089 3222 iudica·

87 3263 129 3326 bit
150 3263 340 3346 posteritas.

145 3369 263 3433 Afrum
285 3369 414 3449 poetam
430 3367 545 3442 fuisse,
571 3378 602 3431 et
624 3364 751 3449 quidem
774 3365 840 3428 eius
856 3365 972 3441 seculi,
998 3369 1088 3450 quod

86 3471 245 3549 praedixi,
280 3469 403 3554 colligo
430 3483 496 3532 tum
526 3491 567 3532 ex
596 3470 665 3549 ipsa
687 3468 844 3532 sermonis
869 3469 995 3545 indole,
1020 3482 1086 3533 tum

86 3591 123 3634 ex
137 3575 189 3639 illa
212 3576 387 3638 verborum
409 3595 446 3634 ac
467 3571 694 3636 sententiarum
716 3574 861 3636 ubertate
884 3593 1009 3654 semper
1023 3573 1085 3636 dif-

85 3673 216 3753 fluente‚
240 3677 299 3740 etsi
322 3688 425 3740 metro
447 3675 628 3751 trochaico,
653 3675 742 3738 euius
754 3677 840 3760 leges
867 3676 921 3738 vix
946 3697 1085 3754 unquam
1111 3693 1117 3718 ‘-

85 3779 216 3844 violasse
237 3783 411 3845 censendus
427 3793 493 3856 est,
518 3778 713 3864 aliquatenus
728 3791 776 3840 est
799 3780 957 3855 eo‘e‘reita,
981 3779 1082 3864 magis

86 3881 206 3966 utique,
231 3907 324 3966 quam
348 3884 473 3948 ferebat
492 3883 589 3965 ipsius
612 3881 780 3963 scriptoris
803 3881 975 3964 ingenium.
1021 3882 1085 3945 Sed

87 3984 138 4064 qui
169 3987 387 4072 Appuleium,
423 3987 478 4072 qui
510 3985 741 4052 Tertullianum
780 3996 875 4068 atque
901 3983 1084 4050 Arnobinm
