2788 4772
103 517 178 578 Hos
199 513 264 577 suoi
285 513 402 576 inertes
425 529 495 574 esse
516 508 662 573 dicebant
685 527 774 570 suos.

101 617 164 680 Lis
188 619 226 680 ad
249 616 354 680 sorum
378 617 509 678 deducta
532 623 602 686 est,
627 631 723 692 respa
744 608 867 672 iudice:

107 722 199 800 Quae
222 741 322 805 genus
345 731 513 800 utrumque
534 727 643 801 nosset
666 735 761 798 quum
785 711 1014 794 pulcherrime,

103 826 229 907 Legem
253 824 374 886 duabus
396 823 478 884 hane
498 819 669 902 proposuit
689 818 853 900 partibust
921 853 932 868 ›-
1088 819 1106 884 5

103 929 183 992 Non
204 925 428 990 inconveniens
449 917 571 1004 eorpus
592 932 624 984 et
645 943 705 1003 par
727 933 774 983 est
797 920 915 996 color,

103 1032 145 1096 ln
167 1025 294 1098 dubium
316 1028 411 1112 plane
432 1048 484 1092 res
508 1036 541 1088 ut
566 1024 681 1088 merito
701 1023 839 1088 venerit.

105 1136 170 1197 Sed
191 1155 230 1196 ne
252 1131 369 1216 religio
392 1142 503 1213 peoeet
523 1129 805 1211 inprudensmea,

13 1279 15 1286 ,
104 1237 212 1302 Alvos
235 1234 367 1318 arripite
389 1245 420 1296 et
442 1230 522 1296 ceris
545 1253 626 1313 opus
649 1230 825 1308 infundite,

105 1341 152 1406 Ut
174 1361 216 1403 ex
236 1361 352 1422 sapore
375 1337 475 1400 mellis
498 1347 530 1398 et
550 1336 655 1398 torma
676 1334 761 1409 favi,
1068 1337 1107 1398 10

103 1444 157 1513 De
180 1445 251 1527 quis
272 1463 355 1505 utine
377 1440 503 1526 agitur,
529 1447 643 1502 auctor
665 1439 780 1502 horum
803 1448 968 1518 appareat.

104 1545 186 1612 Fuci
208 1555 371 1609 recusant:
395 1543 509 1626 apibus
532 1537 673 1603 conditio
695 1539 810 1621 placet.

105 1652 200 1714 Tune
221 1648 273 1711 illa
295 1647 388 1710 talem
411 1643 570 1720 †snstulit
591 1643 794 1706 sententiam:

102 1753 269 1833 Apertum
286 1761 334 1813 est
355 1746 425 1832 quis
447 1767 511 1809 non
533 1745 654 1827 possit,
677 1746 801 1829 etquis
823 1744 947 1813 fecerit.

105 1856 316 1936 Quapropter
337 1850 450 1933 apibus
471 1849 608 1912 fructum
631 1848 767 1912 restituo
790 1870 893 1917 suum.
1067 1849 1107 1912 ts

148 1962 240 2025 Hane
260 1954 484 2039 praeterissem
507 1951 645 2016 fabulam
668 1950 817 2027 silentio,

104 2061 141 2126 Si
162 2073 284 2144 pactam
306 2058 374 2124 suri
395 2079 459 2126 nou
481 2065 679 2125 recusassent
700 2054 805 2124 tidem.

504 2289 602 2351 [rua.
623 2286 709 2348 utu]

293 2442 356 2505 ue
379 2441 498 2510 LUSU
519 2442 581 2510 Er
604 2407 917 2532 severitanus.

148 2583 328 2651 Puerorum
352 2580 383 2643 in
404 2581 498 2643 turba
521 2578 647 2665 quidam
669 2581 827 2642 ludentem
853 2577 979 2642 Atticus

103 2687 272 2767 Aesopum
295 2683 429 2748 nucibus
451 2705 547 2768 quum
571 2682 718 2758 vidisset,
744 2681 860 2745 restitit

101 2791 150 2854 Et
171 2787 261 2872 quasi
282 2783 413 2852 delirum
439 2787 520 2850 risit.
565 2786 663 2866 Quod
683 2785 780 2851 sensit
802 2785 894 2850 simul

99 2889 242 2958 Derisor
263 2889 371 2972 potius
394 2911 486 2973 quam
509 2889 697 2953 deridendus
721 2911 837 2968 senex,

106 2995 233 3057 Areum
255 3003 414 3055 retensum
436 2991 545 3074 posuit
566 2991 597 3054 in
619 2993 721 3080 media
743 2996 815 3056 via:
1086 2994 1105 3057 5

102 3094 214 3166 Heus!
236 3094 358 3184 inquit,
383 3094 526 3183 sapiens,
551 3095 684 3178 expedi,
709 3095 786 3181 quid
806 3093 951 3167 fecerim.

156 3336 216 3386 Fra,
236 3335 307 3380 tht.
345 3332 384 3393 (1)
401 3332 464 3394 atta]
483 3335 515 3386 N.
531 3349 555 3392 p.
577 3336 603 3384 S.
623 3356 652 3368 —
673 3336 727 3383 alia
743 3336 773 3386 P.
791 3351 816 3396 g.
853 3336 938 3394 (lbid.)
956 3349 1050 3397 quercu
1062 3335 1105 3396 se.

100 3402 202 3464 rerunt}
225 3419 250 3462 p.
282 3406 309 3450 S.
341 3426 370 3437 -
394 3401 518 3464 fecerunt
544 3419 639 3464 qtoerru
665 3406 696 3452 N.
726 3427 756 3443 -
781 3421 873 3465 quercu
885 3405 1007 3467 secarunt
1024 3408 1055 3452 P.
1073 3409 1104 3456 R.

99 3473 143 3534 (2)
162 3499 195 3518 -μ
213 3475 268 3524 suis
291 3489 316 3534 g.
353 3471 389 3532 (3)
419 3499 453 3508 --
482 3473 588 3524 deducta
610 3474 644 3519 nd
657 3473 748 3534 sorum
765 3483 804 3522 est
821 3477 851 3521 N.
871 3480 948 3522 altero
978 3480 1047 3534 loc03
1067 3477 1105 3522 bis

100 3547 169 3592 enim
200 3545 260 3590 hane
288 3545 361 3590 habet
387 3544 502 3589 fabulam.
549 3545 608 3588 Mox
639 3545 670 3590 N.
701 3547 773 3596 habet
798 3554 904 3603 noaret,
937 3562 983 3592 non
1007 3553 1103 3596 noscet.

100 3613 140 3672 (5)
161 3635 190 3646 -
209 3613 318 3662 duarum
334 3616 412 3662 Beue.
438 3616 517 3664 tacite.
554 3616 670 3661 Henetus·
689 3618 724 3664 sic
744 3616 774 3661 P.
804 3633 833 3660 an
855 3624 891 3662 est
914 3631 963 3668 err.
988 3615 1104 3675 typogm?

97 3683 136 3742 (6)
158 3695 189 3728 =
209 3686 277 3735 colos
295 3684 325 3730 1²..
345 3699 358 3729 a
377 3698 415 3740 pr.
438 3699 472 3730 m.
509 3682 546 3739 (9)
563 3683 647 3744 Mena]
666 3685 696 3734 Ρ.
717 3687 748 3734 R·
768 3687 793 3733 S.
814 3711 846 3726 -.-
865 3689 947 3732 alueos
967 3687 997 3734 N.
1012 3688 1057 3732 bis.
1077 3702 1102 3743 p.

99 3751 161 3812 (11)
180 3752 246 3812 quta]
265 3753 296 3820 Ν.
321 3767 345 3810 p.
373 3755 399 3798 S.
428 3779 461 3794 -ψ
486 3753 575 3814 quidus
600 3756 630 3799 P.
649 3757 679 3800 tt.
729 3755 785 3814 (tt)
805 3781 836 3792 -
848 3754 908 3815 suet
930 3757 962 3805 Ρ.
999 3756 1051 3814 (13)
1072 3779 1101 3796 -.

101 3823 169 3880 Tum
184 3824 215 3868 P.
236 3823 334 3882 (saltem
354 3837 383 3868 ex
401 3824 473 3884 Berg.
492 3824 566 3879 ΕΜ
587 3826 671 3880 (thid.)
690 3825 802 3885 sustulit]
821 3828 850 3870 P.
869 3826 899 3871 R.
920 3841 945 3882 p.
965 3832 1103 3882 corruptum

100 3896 197 3938 videtur
216 3906 259 3939 ex:
286 3894 334 3950 its,
361 3893 399 3937 eis
417 3895 482 3939 tutu.
519 3894 668 3940 Arbitrariae
691 3902 769 3944 autern
791 3901 924 3942 correcte:
947 3917 975 3934 -s
999 3898 1104 3956 pertulit
1212 3900 1214 3905 ’

102 3964 135 4010 Ν.
159 3965 235 4008 altero
251 3965 313 4008 loco.
334 3963 453 4022 Cnningh.
476 3986 504 3997 —
521 3965 628 4023 protulit
646 3965 675 4009 N.
696 3968 773 4016 altero
798 3967 861 4010 loco.
882 3968 907 4011 S.
930 3988 958 4001 -
979 3969 1102 4018 renuntia

101 4048 126 4096 5.
148 4033 203 4090 (non
222 4033 263 4092 P.)
285 4031 355 4108 ,(14)
373 4039 397 4078 et
415 4031 481 4093 quis]
495 4034 532 4088 N.
552 4060 584 4074 -·-
603 4041 647 4080 aut
665 4036 720 4094 puis
738 4035 767 4080 P.
787 4036 818 4086 it.
838 4050 862 4092 p.
882 4037 908 4082 S.
955 4101 958 4108 Δ
