2788 4772
96 407 192 468 Tum
219 405 274 468 sic
294 405 399 468 iocata
422 417 469 467 est
491 415 575 466 tanta
598 401 743 466 maiestas
767 402 873 466 ducis:

11 585 13 593 Ι
94 509 181 571 Non
208 509 346 571 miiitum
370 507 465 592 egisti
486 517 518 570 ot
540 528 640 588 opera
662 503 870 590 nequicquam
894 505 997 588 penu
1086 553 1089 560 .

92 611 221 676 Multo
249 609 385 674 maioris
405 610 514 694 alapae
537 631 658 672 mecum
683 619 834 674 veneunt.
1085 605 1125 672 25

524 837 624 898 [rau
652 836 715 897 ve]

377 977 557 1068 apulsa
580 987 642 1050 ur
667 947 861 1050 corium.

140 1128 282 1194 Contra
305 1137 453 1208 potentes
476 1147 568 1189 nemo
592 1138 640 1188 est
663 1125 798 1187 munitus
820 1123 913 1197 satis;

95 1232 132 1296 Si
159 1253 252 1296 vero
276 1227 409 1292 accessit
430 1227 619 1292 consiliator
642 1229 821 1315 maleficus,
956 1299 959 1306 q

94 1333 163 1398 Vis
190 1345 227 1396 ot
251 1329 393 1414 nequitia
416 1329 567 1414 quicquid
589 1342 794 1413 oppugnant,
812 1327 896 1392 ruit.

140 1433 277 1519 Aquila
299 1433 331 1496 in
353 1431 486 1496 sublime
509 1433 637 1496 sustulit
659 1432 869 1494 testudinum:

94 1538 197 1618 Quae
224 1558 325 1621 quum
348 1533 521 1598 abdidisset
543 1555 660 1624 cornea
683 1556 801 1616 corpus
827 1538 924 1599 domo
1103 1533 1124 1596 5

95 1642 173 1704 Nec
197 1639 273 1702 ullo
295 1648 391 1719 paeto
412 1636 496 1699 laedi
516 1648 628 1718 posset
650 1637 798 1711 condita,
1181 1625 1184 1632 ⁴

97 1742 210 1806 Venit
235 1761 298 1823 per
315 1760 407 1802 atiras
430 1738 544 1802 cornix
568 1751 599 1802 et
620 1750 756 1822 propter
779 1739 911 1804 volans:

99 1845 264 1926 Opimam
288 1863 363 1906 sane
384 1844 534 1923 praedam
557 1841 691 1924 rapuisti
714 1840 893 1926 unguibus3

99 1949 168 2010 Sed
193 1945 260 2008 nisi
282 1955 464 2018 monstraro
487 1942 570 2029 quid.
585 1943 626 2006 sit
646 1943 823 2008 faciendum
847 1943 923 2020 tibi,

101 2048 213 2112 Gravi
239 2047 449 2131 nequicquam
470 2057 502 2109 te
525 2046 654 2108 lassabit
674 2049 832 2129 pondere.
1085 2049 1126 2110 10

100 2150 280 2216 Promissa
301 2159 393 2232 parte
416 2151 546 2224 suadet,
569 2160 604 2212 ut
626 2150 793 2232 scopulum
816 2170 913 2232 super

100 2253 193 2316 Altis
219 2254 262 2320 ab
285 2250 377 2314 astris
400 2253 511 2314 duram
532 2250 643 2314 inlidat
665 2252 838 2328 corticem,

46 2441 49 2450 .
102 2356 179 2434 Qua
204 2353 401 2419 comminuta
423 2350 517 2418 facile
540 2365 690 2417 vescatur
712 2352 800 2420 cibo.

100 2603 206 2647 iactam
227 2601 340 2664 officium
366 2601 418 2644 lere
442 2601 521 2662 [Beati.
547 2621 580 2638 .-·
607 2615 677 2647 rome
705 2601 816 2666 officium
842 2603 963 2648 iactitant
988 2603 1076 2662 Rigalt.
1097 2603 1124 2652 8.
1205 2591 1207 2598 ’

101 2673 166 2716 Puto
189 2674 285 2716 fuisse:
317 2671 417 2714 iactans
435 2668 518 2733 offioio
536 2684 650 2728 romum
684 2674 707 2717 in
733 2686 779 2730 quo
799 2671 880 2718 officio
902 2679 1043 2728 occupatus,
1075 2687 1124 2719 tue·
1155 2687 1159 2699 ’

103 2747 170 2795 ptum
203 2743 231 2786 in
262 2741 360 2784 modum
391 2755 483 2784 sornam
515 2741 609 2795 (caput,
639 2739 796 2800 cerviculam)
814 2742 925 2790 iactabat.
962 2741 1017 2796 (tt)
1035 2741 1125 2802 alium]

100 2811 134 2856 P.
154 2812 188 2855 R.
209 2815 239 2856 S.
261 2831 290 2842 -
311 2811 383 2854 illum
404 2823 427 2865 p.
448 2810 489 2866 (-·-
509 2810 608 2856 xistum
626 2809 670 2868 P.)
718 2810 772 2868 (19)
796 2807 891 2856 Caesar
917 2809 1027 2871 remque]
1052 2825 1076 2868 p.
1097 2813 1123 2858 S.

103 2900 138 2914 -
156 2877 345 2938 Caesaremque
364 2879 394 2923 P.
414 2880 444 2924 R.
493 2877 547 2934 (20)
573 2881 612 2924 Sic
632 2896 714 2926 inance
735 2882 765 2926 P.
785 2882 816 2930 It,
834 2891 874 2930 oo
890 2879 920 2925 1d
937 2887 964 2925 ut
978 2887 1034 2940 put.
1053 2895 1077 2937 p.
1097 2883 1124 2926 8.

105 2973 138 2984 -
157 2950 185 2994 la
200 2957 229 2996 ut
245 2955 299 3006 put.
319 2948 423 2994 Dasbill.
444 2950 508 2994 zeu.
528 2951 570 3006 (-·
590 2951 643 3010 quit
660 2948 704 3008 P.)
723 2947 780 3008 (22)
799 2947 894 3010 certae]
913 2964 937 3006 p.
958 2949 985 2994 S.
1005 2975 1037 2986 -
1056 2957 1124 2995 certe
1210 2939 1212 2946 ⁴

104 3019 136 3064 P.
155 3020 188 3064 R.
230 3018 378 3076 („Pithoeus
405 3025 506 3072 certam
536 3022 656 3066 eorrectio
686 3021 715 3065 ab
744 3021 856 3067 omuibus
883 3025 980 3076 recepta
1004 3026 1029 3064 ut
1052 3021 1124 3066 lectio

105 3088 217 3134 Codicis.
257 3087 348 3134 Contra
361 3094 440 3133 autem
461 3088 569 3142 Gudius,
590 3094 614 3132 ut
631 3090 752 3146 propriam
771 3090 949 3143 coniecturam,
975 3091 1015 3132 dat
1033 3091 1126 3135 certe.”

105 3157 186 3203 Beata.
227 3158 286 3206 Stil.
310 3158 373 3204 Gud.
406 3159 515 3205 volebat:
545 3157 713 3213 Donationis,
745 3160 836 3216 alapae
850 3163 935 3212 carte,
966 3157 1078 3221 gaudio:
1099 3165 1123 3203 et

106 3227 185 3272 refert
204 3229 255 3274 Ma.
285 3227 375 3276 babere
399 3225 489 3282 rorte.)
525 3224 582 3284 (23)
610 3227 703 3287 iocata]
722 3229 752 3273 P.
772 3229 802 3274 R.
822 3228 877 3286 urg.
898 3229 924 3272 S.
944 3253 977 3264 -
996 3229 1080 3272 locutu
1098 3242 1122 3284 p.

105 3287 197 3353 (ibid.)
216 3295 298 3356 tantu]
317 3297 347 3342 P.
367 3297 397 3342 B.
418 3297 493 3342 Dssb.
517 3298 584 3342 zen.
604 3307 643 3344 oo
660 3299 725 3344 temti
743 3312 765 3353 p.
785 3299 810 3344 S.
849 3293 903 3352 (24)
924 3319 953 3330 ··-
973 3299 1123 3357 nequiquam

106 3365 136 3410 P.
155 3367 187 3412 tt.
227 3365 281 3422 (25)
299 3365 418 3426 maioris]
437 3367 526 3425 Rigalt.
546 3368 569 3416 iu
588 3367 677 3414 Artnot.
697 3369 743 3414 Ed.
765 3367 789 3412 1.
809 3369 891 3424 Burro.
912 3369 937 3412 S.
958 3391 991 3404 ·-
1010 3367 1121 3411 maiores
1203 3381 1209 3386 ·

106 3435 137 3478 P.
156 3431 188 3480 R.
209 3451 234 3494 p.
255 3437 310 3496 big.
330 3437 355 3484 in
373 3441 485 3482 contextu
502 3437 549 3480 Ed.
572 3436 595 3486 1.
616 3436 678 3484 Gud.
727 3434 815 3495 (thid.)
842 3433 958 3496 veneunt]
988 3451 1014 3493 p.
1040 3437 1066 3482 S.
1091 3454 1120 3468 -

106 3512 229 3554 venerunt
245 3507 276 3553 P.
295 3506 326 3554 R.

160 3577 222 3626 Pas.
242 3576 287 3622 Vi.
336 3571 374 3634 (1)
399 3573 521 3634 rnunitua]
547 3577 577 3622 R.
598 3590 612 3620 a
637 3590 686 3622 see.
707 3591 740 3624 m.
761 3589 784 3632 p.
804 3577 831 3622 S.
857 3599 889 3612 ·-
908 3573 1017 3622 monitus
1035 3573 1064 3618 P.
1086 3597 1119 3609 -··
1213 3573 1214 3578 ’

107 3655 179 3690 nemo
197 3651 265 3692 tutus
283 3645 348 3689 retia
366 3645 396 3690 R.
416 3661 429 3690 a
449 3660 486 3700 pr.
506 3660 537 3693 m.
575 3642 613 3703 (6)
628 3643 726 3706 posset]
747 3645 776 3692 N.
796 3660 820 3706 p.
842 3647 867 3689 S.
889 3669 921 3684 .-
935 3643 1020 3701 posat't
1037 3643 1067 3688 P.
1088 3642 1118 3686 R.

109 3709 149 3766 (7)
164 3739 198 3750 κ-
213 3719 319 3772 praeter
336 3715 423 3759 rolens
442 3715 473 3762 N·
494 3729 523 3760 ex
540 3715 693 3776 ignoratione
712 3715 782 3763 buius
801 3711 947 3774 siguificatds
967 3726 990 3756 v.
1004 3717 1118 3774 propter.

110 3778 159 3847 (3)=
177 3809 211 3820 ·-
244 3783 380 3841 optmum,
410 3785 504 3844 iuquit,
540 3799 584 3843 pr.
618 3786 649 3830 N.
682 3799 710 3828 ea
729 3787 842 3840 interpol.
890 3780 945 3839 (ib)
980 3804 1008 3814 -
1035 3781 1120 3840 nequi·

110 3863 183 3907 quam
202 3855 231 3900 P.
251 3856 281 3901 R.
328 3851 415 3910 (lbid.)
438 3853 557 3914 Intrabit]
580 3856 610 3904 P.
631 3856 660 3900 b.
682 3853 707 3898 S.
729 3879 760 3888 --
779 3853 888 3901 lassarit
906 3851 936 3898 N.
959 3874 988 3886 -
1008 3851 1121 3896 introbit

110 3929 135 3975 Ρ.
170 3923 224 3981 (11)
251 3946 278 3956 -
304 3938 348 3984 pr.
370 3927 446 3984 parta
472 3923 564 3992 rodopa
593 3931 618 3970 ut
642 3925 759 3986 scopulos
777 3937 853 3982 super
870 3922 906 3972 Ab
928 3923 1007 3968 ratris
1028 3921 1119 3968 duram
