2796 4746
1034 323 1075 386 st

86 453 249 548 lugentis
286 484 389 548 super
419 449 565 532 musica.
619 463 730 550 Atque
765 463 831 544 boc
866 460 1079 549 antiquissimi

87 563 213 631 codicis
228 564 437 636 testimonio.
452 567 538 632 haud
567 549 635 633 scio
666 589 705 630 au
727 563 893 632 Arretinis
920 565 1078 649 eripiatur
1157 619 1161 628 .

80 666 169 732 'ciuis
191 667 322 746 Guido,
345 691 438 756 quem
461 668 501 734 iis
523 667 615 734 unica
636 670 774 736 fortasse
787 669 951 754 sigeberti
965 680 1079 735 aucto·
1116 741 1120 754 β

84 770 165 836 ritas
178 770 378 856 largiebatur
385 774 430 853 s),
455 772 629 839 Posterior
644 773 769 838 codicis
784 795 860 856 pars
876 775 1079 838 Romaneuse

82 877 206 958 poema
230 874 398 958 copiosum
432 887 527 962 atque
560 887 719 964 vetustum
753 875 910 942 continet.
959 875 1078 962 Medio

84 989 191 1042 autem
228 979 343 1044 codice
375 979 545 1065 quaternio
577 977 730 1046 inseritur
758 979 949 1065 paginarum
981 980 1078 1055 octo,

84 1101 222 1168 quarum
244 1093 311 1148 tres
335 1081 466 1166 priores
487 1084 688 1150 FABULIS
712 1083 839 1152 OCTO
862 1083 1079 1150 PHAEDRI

85 1195 306 1270 occupantur,
340 1196 453 1272 quarta
484 1185 621 1274 pagina,
657 1186 784 1265 idest,
823 1210 918 1264 versa
948 1185 1080 1252 secundi

82 1287 181 1366 folii,
202 1289 288 1374 piam
310 1289 480 1356 Hinemari
500 1289 719 1374 precationem
741 1293 858 1370 babet;
880 1291 914 1358 iu
933 1303 1026 1356 sexta
1047 1300 1080 1354 et

82 1392 224 1477 septima
234 1395 373 1476 psalmus
384 1394 520 1480 legitur,
544 1392 634 1460 cuius
652 1394 775 1460 initium
792 1398 923 1462 inclina
936 1388 1079 1460 Domiue

84 1517 209 1562 aurem
228 1509 345 1580 tuum,
380 1498 471 1586 isque
504 1498 598 1564 etiam
628 1501 753 1564 Graece
786 1493 929 1575 ibidem,
960 1495 1080 1560 litteris

81 1608 192 1661 tamen
207 1599 350 1678 Latinis,
374 1602 606 1670 conscribitur.
652 1606 779 1670 Octava
800 1606 925 1668 demum
943 1599 988 1664 nil
1009 1600 1092 1663 sere.

83 1703 184 1766 habet
202 1716 333 1786 praeter
354 1709 455 1771 verba
476 1710 576 1774 bace:
600 1713 657 1777 tric
674 1719 724 1776 est
742 1709 827 1776 liber
850 1709 888 1778 S.
908 1704 1082 1774 Benedicti

82 1805 334 1888 floriacensis,
356 1832 456 1895 quem
475 1813 507 1872 si
529 1813 605 1894 quis
620 1809 769 1890 furatus
788 1807 926 1892 fuerit,
947 1806 1000 1870 vel
1015 1805 1079 1867 nli·

85 1905 175 1992 quid
189 1909 326 1989 (mulo)
352 1911 489 1994 ingenio
512 1913 647 1994 tulerit,
669 1911 852 1974 anatliema
865 1912 920 1973 sit.
964 1907 1077 1971 Porro

82 2005 140 2070 hie
162 2005 258 2071 etiam
280 2012 387 2079 codex
409 2033 482 2074 cum
503 2009 574 2076 aliis
596 2011 720 2088 multis,
748 2009 911 2074 Lutetiam
932 2031 951 2073 a
973 2009 1080 2074 victo·

82 2109 177 2175 ribus
192 2111 295 2176 Gallis
317 2125 430 2180 nostra
444 2127 548 2180 aetate
561 2115 732 2180 translatus
743 2115 867 2192 fuerat,
889 2115 936 2178 uti
947 2125 1080 2178 stemma

83 2216 185 2280 docet
214 2215 451 2282 democraticae
487 2217 701 2290 Parisiorum:
721 2217 956 2294 bibliothecae,
990 2219 1080 2302 quod

82 2315 119 2382 in
140 2321 334 2384 membranis
353 2320 453 2387 minio
479 2322 577 2389 semel
609 2320 798 2398 etiterum,
834 2318 924 2384 utin
945 2318 1081 2406 reliquis
1195 2361 1198 2383 .

83 2417 307 2512 δορυλὴπτοις
334 2424 519 2503 Vaticanis,
552 2425 742 2510 impressum
775 2423 851 2491 fuit.
896 2425 961 2489 Sed
995 2423 1080 2487 euim

84 2525 231 2592 Phaedri
251 2527 484 2614 fragmentum,
512 2542 649 2614 propter
670 2551 758 2595 suam
779 2527 982 2606 tenuitatem,
1013 2527 1081 2594 Pa·

83 2627 173 2692 risiis
194 2648 260 2693 nun
281 2643 328 2695 est
349 2631 505 2718 agnitum.
549 2633 678 2702 Etenim
700 2655 797 2718 quum
820 2629 1014 2698 Schwabius
1036 2633 1077 2696 de

84 2733 153 2797 boc
174 2733 246 2798 Ms.
269 2733 422 2800 dixisset:
469 2758 516 2808 un
544 2740 646 2806 hodie
665 2750 776 2807 ,extet
798 2737 835 2802 in
869 2733 1096 2802 bibliotheca

85 2835 277 2913 Vaticana,
317 2860 363 2902 un
386 2861 495 2923 nuper
527 2859 552 2904 α
579 2841 687 2910 Gallis
720 2862 802 2908 cum
826 2840 907 2902 aliis
933 2837 1079 2901 cimeliis

84 2934 237 3000 Parisios
261 2939 477 3006 transmissus
500 2944 561 3020 sit,
584 2964 654 3007 nen
671 2950 828 3020 constat,
849 2935 1018 3008 adnotavit
1032 2933 1081 3000 ibi

85 3035 296 3102 Barbierius:
321 3025 364 3107 ce
386 3045 576 3108 manuscrit
598 3064 639 3107 ue
660 3044 737 3104 s'est
751 3061 816 3124 pus
830 3040 952 3106 trouvd
962 3039 1083 3122 parmi·

87 3159 181 3204 ceux
204 3139 244 3206 dc
270 3142 308 3206 lu
331 3141 559 3228 bibliothique
582 3142 628 3207 du
656 3142 829 3220 Vaticcn,
865 3143 928 3226 qui
946 3147 1006 3204 ont
1028 3136 1080 3204 iti

87 3241 250 3322 apportis
276 3241 299 3306 d
321 3244 428 3306 Puris.

150 3339 252 3406 Aliud
273 3342 374 3407 estin
396 3364 461 3429 quo
480 3353 605 3419 errant,
637 3345 716 3405 duce
740 3340 963 3418 Desbillouio,
996 3362 1080 3406 non-

87 3443 184 3528 nulli,
206 3439 263 3532 qui
283 3444 317 3509 in
338 3444 540 3510 Floriacensi
562 3468 618 3510 seu
633 3445 725 3510 Petri
740 3443 885 3510 Danielis
899 3447 965 3510 hoc
987 3445 1079 3528 frag·

87 3557 195 3613 mento
218 3551 295 3611 duas
317 3552 356 3614 de
377 3547 480 3614 tribus
497 3548 596 3632 primi
617 3548 695 3613 libri
720 3547 915 3617 Phaedriani
933 3546 1078 3632 partibus

138 3805 162 3866 *)
181 3807 243 3868 Quia
261 3808 339 3854 Guido
358 3821 418 3864 spus
439 3823 509 3854 suum
527 3810 640 3865 episeopo
658 3805 773 3854 Arretino
786 3807 925 3852 Theodutdo
944 3807 1078 3862 inscripsit,

89 3878 178 3925 ideireo
198 3880 301 3924 tortasse
325 3878 464 3938 Sigebertus
490 3879 631 3924 Arretinum
657 3879 718 3923 dixit
743 3877 888 3934 Guidcuem,
930 3876 1002 3935 Atqui
1027 3891 1079 3921 mc·
1195 3899 1198 3907 ·

88 3950 156 3994 sachi
181 3949 324 4005 praesertim
350 3949 449 4004 perstas
471 3962 527 4016 suus
557 3951 678 3994 deserunt.
716 3947 801 3994 Nouus
825 3962 865 3995 u.
886 3959 925 4008 gr.
945 3946 1079 3994 Gerbsrtus

90 4017 174 4064 Gallis
189 4019 308 4064 Bubieuse
330 4019 354 4063 in
373 4019 441 4064 ltalia
459 4019 603 4080 coenobium
620 4015 740 4077 regebat?
