2768 4750
309 359 368 421 186

304 499 413 579 Atque
436 500 543 561 eadem
567 519 698 562 occasus
719 509 881 560 remanent
902 498 1076 578 certissima
1098 467 1202 584 digna.

349 601 490 681 Quartus
512 603 551 662 ab
574 601 706 664 Oceano
728 611 848 662 tentum
864 600 1004 682 vestigia
1028 613 1144 678 mutat,
1243 605 1310 668 525

307 704 450 787 Obliquo
473 725 604 767 currens
629 703 753 784 spatio,
779 715 929 785 quiuntum
952 693 1171 785 Capricornus

303 807 469 870 Aestifero
492 806 584 868 distat
607 804 755 880 Cancro,
780 828 872 890 quiam
896 808 976 868 istus
998 810 1036 869 ad
1058 829 1150 871 eiuras

303 909 475 973 Aetherios
499 910 621 993 surgit,
646 921 710 970 tem
733 909 830 972 sacris
853 910 1007 993 mergitur
1030 912 1133 973 undis.
1176 939 1181 962 ι

304 1014 356 1094 [In
378 1033 433 1074 sex
457 1011 643 1097 signiferum
666 1013 691 1074 si
714 1015 784 1092 quis
806 1013 948 1075 diviserit
970 1016 1080 1076 orbern

302 1116 470 1198 Aequales
489 1127 611 1197 partes,
636 1117 818 1177 succumbet
838 1117 949 1198 regula
972 1115 1054 1178 binis
1239 1120 1309 1182 530

294 1205 444 1281 'Inferior
466 1217 583 1302 signis,
607 1217 700 1299 spatii
723 1229 904 1301 tentumque
926 1203 1059 1282 tenebit·
1119 1268 1122 1274 .

303 1321 392 1398 Una,
416 1319 464 1384 sui
485 1321 593 1384 lateris
617 1331 803 1404 quantumin
827 1322 957 1384 Tellure
978 1323 1115 1396 recedit3

302 1425 372 1488 Nec
393 1436 494 1485 tamen
516 1425 669 1488 huinanos
693 1423 777 1486 visus
799 1425 882 1506 sugit
905 1425 1031 1487 ultimus
1054 1427 1172 1508 orbis-J

303 1529 393 1589 Haec
415 1526 464 1588 vis
488 1527 572 1590 Soiis
594 1526 654 1590 erit
675 1528 723 1589 bis
746 1527 828 1590 senis
851 1527 952 1588 lucida
975 1527 1087 1612 signis.

302 1629 437 1692 Nobilis*
451 1631 502 1692 hic
524 1629 619 1692 Aries
643 1642 754 1692 serrato
776 1631 914 1706 vellere,
938 1639 1095 1713 qiroudam
1236 1637 1303 1700 535

302 1731 366 1811 Qui
388 1733 512 1795 tulitin
536 1736 663 1795 'l'auros
686 1733 860 1807 Phrixum,
892 1733 946 1816 qui
968 1733 1109 1814 prodidit
1131 1735 1264 1810 Hellen;

301 1835 402 1913 Quem
427 1839 558 1917 propter
579 1835 732 1896 fabricata
756 1834 848 1908 ratis,
873 1851 966 1918 quern
988 1835 1108 1918 perfida
1132 1837 1265 1903 Colchis

301 1937 416 2019 Sopito
439 1937 537 2020 vigile
559 1937 679 1998 incesto
703 1937 970 2000 donavit'arnori.

300 2039 463 2124 Corniger
484 2042 536 2103 hic
559 2041 701 2115 'l'aurus,
726 2039 814 2104 cuivis
837 2043 968 2123 decepta
990 2041 1093 2126 figure

298 2295 372 2340 qinom
383 2283 451 2326 laice
463 2280 498 2327 od
511 2279 600 2340 curce]
618 2281 736 2341 BEGgsh.
749 2299 781 2311 -
791 2286 948 2340 quamtocius
964 2279 1019 2338 (sic)
1036 2281 1070 2326 ad
1084 2297 1160 2328 nur-ee
1176 2285 1203 2329 Α.
1223 2284 1298 2342 (530)

294 2351 393 2409 portes]
412 2353 440 2396 de
461 2366 484 2412 g.
513 2353 576 2396 coni.
596 2352 633 2395 sb.
653 2376 686 2385 -
705 2352 774 2394 ories
792 2351 901 2410 cotug.
946 2353 1028 2406 (ibid.)
1046 2354 1197 2414 ruceuvnhei]
1218 2359 1248 2402 de
1271 2373 1295 2416 g.

298 2423 360 2465 coni.
378 2435 398 2466 s.
420 2447 452 2456 -
471 2421 609 2466 siarcumbit
624 2421 729 2480 BEng.
749 2443 782 2453 -—
800 2422 923 2466 occumbit
942 2423 980 2465 An
1009 2419 1080 2476 (531)
1098 2424 1197 2483 signis,
1217 2429 1299 2482 spatii

296 2490 448 2551 tentumque]
464 2494 494 2536 de
512 2507 536 2552 g.
557 2493 619 2536 coni.
643 2492 680 2534 sb.
701 2511 730 2524 -·-
750 2490 835 2549 signis
860 2491 952 2546 spatii«
979 2497 1120 2550 ramumque
1144 2493 1234 2552 nsog.
1263 2521 1296 2532 -

296 2585 329 2597 -
348 2563 434 2622 signis
452 2563 651 2620 paritoniumque
672 2559 729 2617 (ster
750 2559 779 2602 Α.
817 2557 890 2614 (532)
908 2559 959 2618 etti]
978 2562 1006 2605 de
1025 2575 1050 2620 g.
1069 2563 1132 2606 coni·
1150 2565 1188 2606 sb.
1206 2588 1240 2600 -·
1259 2568 1298 2610 tui

296 2631 326 2676 Δ.
348 2653 377 2663 -
398 2633 453 2676 suh
469 2631 559 2691 BEGg.
597 2627 667 2684 (533)
687 2652 715 2662 -
735 2628 787 2674 Nee
802 2635 885 2673 tumen
902 2629 1052 2674 inhumanos
1069 2635 1097 2675 Α.
1116 2656 1150 2666 -
1163 2629 1294 2694 sulgitd,

296 2698 370 2757 (534)
388 2702 529 2745 —bieeenv'
546 2702 575 2746 Α.
614 2702 639 2744 dn
653 2699 697 2744 ct.
718 2700 747 2742 Α.
762 2700 785 2742 hi
799 2713 841 2744 sex
858 2713 941 2743 vorsus
961 2697 1104 2746 5291-534.
1126 2703 1202 2746 literis
1215 2705 1295 2748 ruino-

295 2771 361 2815 ribus
380 2773 463 2826 scripti
481 2777 536 2815 sunt
554 2785 568 2813 n
594 2783 643 2814 see.
667 2783 751 2822 menn,
772 2771 812 2812 sed
830 2774 908 2814 iernen
930 2775 1078 2827 perantiqua.
1121 2772 1170 2815 ism
1188 2785 1249 2818 vero
1271 2779 1295 2819 et

276 2837 338 2898 'per
359 2843 480 2886 seminus
499 2843 563 2886 ciere
582 2853 710 2894 expressae
729 2843 784 2882 erint
805 2840 953 2891 sententies,
983 2842 1153 2894 respondentes
1177 2842 1244 2886 Arati
1268 2859 1292 2888 r.

295 2908 354 2956 stt.
374 2924 439 2969 seqq·
460 2911 540 2954 Brenn.
561 2915 629 2966 nique
646 2909 730 2951 Avieni
743 2904 817 2952 103⁷.
826 2922 904 2966 seqq„
922 2915 944 2954 et
954 2923 1034 2954 sermo
1044 2911 1094 2965 ipse
1105 2911 1174 2955 hebet
1183 2915 1294 2958 colorem

294 2979 461 3026 scholasticum
485 2983 508 3024 in
531 2993 569 3023 vv.
593 2980 750 3034 praesertim:
778 2977 807 3022 In
834 2992 881 3022 sex
901 2981 1055 3038 aequales
1077 2986 1164 3037 portes
1182 3005 1216 3016 -
1233 2996 1293 3027 eue-

293 3051 519 3110 eumbetregu105
546 3055 593 3102 et,
620 3050 681 3105 qiiod
711 3049 786 3092 ineius
809 3051 881 3094 etism
900 3055 950 3102 est,
977 3062 999 3092 v.
1024 3048 1082 3095 529.
1108 3049 1201 3094 effictus
1220 3058 1259 3096 est
1277 3069 1291 3098 e

293 3121 429 3166 Germanici
445 3125 521 3164 nostri
541 3132 565 3163 v.
589 3115 648 3162 476,
684 3115 757 3160 Hune
776 3122 830 3162 ocio
849 3119 876 3162 in
890 3125 980 3176 parter
997 3119 1022 3162 ev'
1039 3121 1095 3178 quis
1114 3119 1229 3165 dieieerv'i
1249 3135 1291 3167 or-

292 3191 364 3243 bem,·
393 3203 476 3234 versus
501 3193 579 3232 entem
602 3185 660 3233 5³4.
685 3189 747 3231 idem
773 3201 872 3243 prorsus
897 3194 933 3232 est
953 3202 1005 3232 curn
1025 3189 1083 3244 iiio,
1111 3202 1189 3248 equo
1207 3191 1292 3248 incipit

291 3259 392 3319 Frcgvn.
413 3258 572 3319 Prognostic.
592 3259 637 3301 ΙΙΙ.
674 3258 815 3302 Schwarteii
836 3264 966 3311 etinctum,
987 3261 1049 3316 quod
1073 3264 1192 3304 servitum
1210 3267 1247 3305 esi
1265 3264 1290 3306 in

291 3329 337 3374 fine
356 3328 415 3373 Cdd.
435 3329 528 3385 BEG.;
553 3329 599 3372 nisi
627 3327 688 3385 quod
710 3327 741 3371 ibi
761 3343 832 3386 quum
855 3333 991 3382 separatum
1013 3329 1060 3372 iem
1078 3331 1163 3374 dudnrn
1187 3341 1252 3375 esset
1275 3347 1289 3375 ι

290 3400 408 3456 poematis
425 3411 540 3452 corpore,
572 3400 728 3452 interpolator
749 3399 824 3453 prirnn
846 3397 916 3442 verbs
938 3396 1006 3441 Haec
1023 3398 1063 3442 vio
1083 3397 1151 3443 Solis
1171 3402 1222 3444 erit
1237 3415 1289 3445 mn-

292 3471 351 3514 isrit
367 3470 390 3513 in
410 3482 448 3513 vv.
486 3467 540 3512 Una
557 3469 650 3512 vicent
666 3467 742 3511 Solis.
779 3465 871 3512 Desunt
889 3469 965 3512 eidem
988 3469 1122 3525 frugirrento
1140 3470 1186 3514 dno
1208 3475 1287 3516 tresve

289 3551 373 3584 versus
392 3540 419 3581 de
439 3551 500 3582 enno
521 3543 544 3584 ei
562 3539 625 3584 loris
652 3542 676 3582 et
693 3539 797 3581 Saturni.
835 3539 900 3594 Quae
919 3551 991 3595 quum
1014 3552 1106 3582 rneeoin
1127 3544 1226 3595 reputo,
1246 3543 1287 3585 ed·

290 3611 379 3664 ducor,
403 3613 428 3651 nt
445 3610 539 3653 credam
557 3613 631 3652 toturn
649 3611 726 3651 iorum
742 3609 774 3651 ita
795 3621 847 3652 esse
867 3609 1069 3652 coristituendum:

359 3675 490 3724 Aetherias
506 3680 608 3738 surgit,
628 3683 680 3721 tum
698 3678 782 3721 sacris
799 3679 924 3737 mergitur
942 3676 1030 3721 undis:
1237 3676 1285 3724 528

357 3746 426 3792 Haec
444 3749 484 3791 vie
498 3749 565 3793 Solia
583 3749 633 3791 erit
649 3747 688 3790 die
706 3749 776 3790 senis
794 3747 881 3791 lueida
898 3747 982 3806 signis
1237 3745 1286 3793 ⁵3⁴

289 3819 338 3862 inin
356 3818 508 3876 Prognostie.
528 3820 625 3874 Fragor.
645 3818 689 3860 tit.
709 3831 732 3860 r.
753 3813 863 3861 2-16.:

357 3887 519 3932 Mercurius:
538 3889 609 3932 binos
627 3885 755 3932 Gradivus
769 3885 871 3948 perficit
886 3887 967 3932 orbec.

359 3953 1095 3986 succrescens·

356 4025 453 4077 Nobilis
470 4027 510 4074 iu‘e
527 4027 601 4075 Aries
618 4033 710 4072 euroin
726 4027 816 4072 uelim
834 4028 957 4087 quondam
974 4030 1021 4075 cet.
