<?xml version="1.0" encoding="UTF-8"?>
<!DOCTYPE html PUBLIC "-//W3C//DTD XHTML 1.0 Transitional//EN"
    "http://www.w3.org/TR/xhtml1/DTD/xhtml1-transitional.dtd">
<html xmlns="http://www.w3.org/1999/xhtml" xml:lang="en" lang="en">
 <head>
  <title>
</title>
<meta http-equiv="Content-Type" content="text/html;charset=utf-8" />
  <meta name='ocr-system' content='tesseract 3.04.00' />
  <meta name='ocr-capabilities' content='ocr_page ocr_carea ocr_par ocr_line ocrx_word'/>
</head>
<body>
  <div class='ocr_page' id='page_1' title='image "./fabulaesopiae00phaegoog_0230.png"; bbox 0 0 2796 4746; ppageno 0'>
   <div class='ocr_carea' id='block_1_1' title="bbox 33 939 1056 1152">
    <p class='ocr_par' dir='ltr' id='par_1_1' title="bbox 33 939 1056 1152">
     <span class='ocr_line' id='line_1_1' title="bbox 33 939 1056 1024; baseline -0.004 0"><span class='ocrx_word' id='word_1_1' title='bbox 33 1017 37 1024; x_wconf 87' lang='lat'>.</span> <span class='ocrx_word' id='word_1_2' title='bbox 64 939 171 1017; x_wconf 89' lang='lat' dir='ltr'><strong>COD.</strong></span> <span class='ocrx_word' id='word_1_3' title='bbox 201 941 409 1020; x_wconf 82' lang='grc' dir='ltr'>ΡΙΤΗΟΕΙ</span> <span class='ocrx_word' id='word_1_4' title='bbox 445 943 559 1022; x_wconf 84' lang='lat' dir='ltr'>SIVE</span> <span class='ocrx_word' id='word_1_5' title='bbox 586 945 681 1020; x_wconf 84' lang='lat' dir='ltr'>IAC.</span> <span class='ocrx_word' id='word_1_6' title='bbox 711 945 825 1022; x_wconf 83' lang='lat' dir='ltr'><strong>AUG.</strong></span> <span class='ocrx_word' id='word_1_7' title='bbox 862 943 1056 1022; x_wconf 86' lang='lat' dir='ltr'><strong>THUANI</strong></span> 
     </span>
     <span class='ocr_line' id='line_1_2' title="bbox 468 1069 657 1152; baseline -0.005 0"><span class='ocrx_word' id='word_1_8' title='bbox 468 1077 514 1152; x_wconf 92' lang='lat' dir='ltr'>N.</span> <span class='ocrx_word' id='word_1_9' title='bbox 543 1069 657 1152; x_wconf 87' lang='lat'>8071.</span> 
     </span>
    </p>
   </div>
   <div class='ocr_carea' id='block_1_2' title="bbox 104 1367 1020 1431">
    <p class='ocr_par' dir='ltr' id='par_1_2' title="bbox 104 1367 1020 1431">
     <span class='ocr_line' id='line_1_3' title="bbox 104 1367 1020 1431; baseline -0.002 -14"><span class='ocrx_word' id='word_1_10' title='bbox 104 1371 256 1430; x_wconf 77' lang='lat' dir='ltr'>(Descriptus</span> <span class='ocrx_word' id='word_1_11' title='bbox 275 1387 288 1416; x_wconf 75' lang='lat' dir='ltr'><strong>a</strong></span> <span class='ocrx_word' id='word_1_12' title='bbox 307 1372 368 1418; x_wconf 85' lang='lat' dir='ltr'>tutio</span> <span class='ocrx_word' id='word_1_13' title='bbox 387 1372 482 1431; x_wconf 80' lang='lat' dir='ltr'>Sittigie</span> <span class='ocrx_word' id='word_1_14' title='bbox 502 1371 531 1416; x_wconf 79' lang='lat' dir='ltr'>sb</span> <span class='ocrx_word' id='word_1_15' title='bbox 551 1373 681 1430; x_wconf 79' lang='lat' dir='ltr'>eodemque</span> <span class='ocrx_word' id='word_1_16' title='bbox 700 1385 754 1416; x_wconf 86' lang='lat' dir='ltr'>cum</span> <span class='ocrx_word' id='word_1_17' title='bbox 772 1371 874 1416; x_wconf 76' lang='lat' dir='ltr'>Satires.</span> <span class='ocrx_word' id='word_1_18' title='bbox 895 1367 1020 1424; x_wconf 76' lang='lat' dir='ltr'>collatus.)</span> 
     </span>
    </p>
   </div>
   <div class='ocr_carea' id='block_1_3' title="bbox 24 1584 1092 3745">
    <p class='ocr_par' dir='ltr' id='par_1_3' title="bbox 66 1584 1068 1772">
     <span class='ocr_line' id='line_1_4' title="bbox 66 1584 1068 1674; baseline -0.002 -24"><span class='ocrx_word' id='word_1_19' title='bbox 66 1584 144 1650; x_wconf 83' lang='lat' dir='ltr'>Cras</span> <span class='ocrx_word' id='word_1_20' title='bbox 168 1597 252 1651; x_wconf 83' lang='lat' dir='ltr'>amet</span> <span class='ocrx_word' id='word_1_21' title='bbox 274 1588 328 1674; x_wconf 88' lang='lat' dir='ltr'>qui</span> <span class='ocrx_word' id='word_1_22' title='bbox 350 1609 509 1674; x_wconf 81' lang='lat' dir='ltr'>nunquam</span> <span class='ocrx_word' id='word_1_23' title='bbox 535 1586 681 1652; x_wconf 81' lang='lat' dir='ltr'>amavit</span> <span class='ocrx_word' id='word_1_24' title='bbox 712 1586 830 1672; x_wconf 81' lang='lat' dir='ltr'>quique</span> <span class='ocrx_word' id='word_1_25' title='bbox 860 1607 949 1649; x_wconf 82' lang='lat' dir='ltr'>cras</span> <span class='ocrx_word' id='word_1_26' title='bbox 972 1607 1068 1649; x_wconf 81' lang='lat' dir='ltr'>ama·</span> 
     </span>
     <span class='ocr_line' id='line_1_5' title="bbox 682 1691 860 1772; baseline -0.011 -18"><span class='ocrx_word' id='word_1_27' title='bbox 682 1691 757 1772; x_wconf 66' lang='lat' dir='ltr'>¹vit</span> <span class='ocrx_word' id='word_1_28' title='bbox 778 1700 860 1753; x_wconf 80' lang='lat' dir='ltr'>amet</span> 
     </span>
    </p>

    <p class='ocr_par' dir='ltr' id='par_1_4' title="bbox 66 1791 1072 1872">
     <span class='ocr_line' id='line_1_6' title="bbox 66 1791 1072 1872; baseline -0.002 -16"><span class='ocrx_word' id='word_1_29' title='bbox 66 1791 130 1857; x_wconf 87' lang='lat' dir='ltr'>Ver</span> <span class='ocrx_word' id='word_1_30' title='bbox 144 1815 265 1860; x_wconf 86' lang='lat' dir='ltr'>novum</span> <span class='ocrx_word' id='word_1_31' title='bbox 285 1815 357 1858; x_wconf 87' lang='lat' dir='ltr'>ver</span> <span class='ocrx_word' id='word_1_32' title='bbox 377 1794 451 1858; x_wconf 83' lang='lat' dir='ltr'>iam</span> <span class='ocrx_word' id='word_1_33' title='bbox 474 1815 625 1860; x_wconf 84' lang='lat' dir='ltr'>canorum</span> <span class='ocrx_word' id='word_1_34' title='bbox 649 1815 718 1858; x_wconf 83' lang='lat' dir='ltr'>ver</span> <span class='ocrx_word' id='word_1_35' title='bbox 741 1805 859 1858; x_wconf 86' lang='lat' dir='ltr'>natus</span> <span class='ocrx_word' id='word_1_36' title='bbox 881 1793 999 1860; x_wconf 86' lang='lat' dir='ltr'>orbis</span> <span class='ocrx_word' id='word_1_37' title='bbox 1024 1805 1072 1872; x_wconf 87' lang='lat' dir='ltr'>est</span> 
     </span>
    </p>

    <p class='ocr_par' dir='ltr' id='par_1_5' title="bbox 67 1895 986 1986">
     <span class='ocr_line' id='line_1_7' title="bbox 67 1895 986 1986; baseline 0.007 -32"><span class='ocrx_word' id='word_1_38' title='bbox 67 1895 151 1960; x_wconf 82' lang='lat' dir='ltr'>Vere</span> <span class='ocrx_word' id='word_1_39' title='bbox 173 1899 373 1963; x_wconf 83' lang='lat' dir='ltr'><strong>concordant</strong></span> <span class='ocrx_word' id='word_1_40' title='bbox 394 1896 596 1986; x_wconf 83' lang='lat' dir='ltr'>ameiores</span> <span class='ocrx_word' id='word_1_41' title='bbox 620 1920 696 1964; x_wconf 87' lang='lat' dir='ltr'>vere</span> <span class='ocrx_word' id='word_1_42' title='bbox 719 1900 873 1963; x_wconf 88' lang='lat' dir='ltr'>nubent</span> <span class='ocrx_word' id='word_1_43' title='bbox 895 1897 986 1962; x_wconf 82' lang='lat' dir='ltr'>alites</span> 
     </span>
    </p>

    <p class='ocr_par' dir='ltr' id='par_1_6' title="bbox 66 2000 1092 2067">
     <span class='ocr_line' id='line_1_8' title="bbox 66 2000 1092 2067; baseline 0.003 -5"><span class='ocrx_word' id='word_1_44' title='bbox 66 2000 105 2062; x_wconf 87' lang='lat' dir='ltr'>Et</span> <span class='ocrx_word' id='word_1_45' title='bbox 125 2023 237 2064; x_wconf 83' lang='lat' dir='ltr'>nemus</span> <span class='ocrx_word' id='word_1_46' title='bbox 260 2021 400 2066; x_wconf 80' lang='lat' dir='ltr'>conam</span> <span class='ocrx_word' id='word_1_47' title='bbox 421 2003 609 2067; x_wconf 86' lang='lat' dir='ltr'>resolvet</span> <span class='ocrx_word' id='word_1_48' title='bbox 632 2005 671 2066; x_wconf 85' lang='lat' dir='ltr'>de</span> <span class='ocrx_word' id='word_1_49' title='bbox 694 2002 813 2066; x_wconf 87' lang='lat' dir='ltr'>maritis</span> <span class='ocrx_word' id='word_1_50' title='bbox 836 2001 991 2066; x_wconf 82' lang='lat' dir='ltr'>imbribus</span> <span class='ocrx_word' id='word_1_51' title='bbox 1090 2021 1092 2028; x_wconf 57' lang='lat'><strong><em>⁴</em></strong></span> 
     </span>
    </p>

    <p class='ocr_par' dir='ltr' id='par_1_7' title="bbox 67 2093 1067 2188">
     <span class='ocr_line' id='line_1_9' title="bbox 67 2093 1067 2188; baseline 0.002 -22"><span class='ocrx_word' id='word_1_52' title='bbox 67 2101 142 2167; x_wconf 86' lang='lat' dir='ltr'>Cras</span> <span class='ocrx_word' id='word_1_53' title='bbox 164 2125 341 2170; x_wconf 80' lang='lat' dir='ltr'>amorem</span> <span class='ocrx_word' id='word_1_54' title='bbox 363 2093 551 2188; x_wconf 34' lang='lat' dir='ltr'>copulatrix*</span> <span class='ocrx_word' id='word_1_55' title='bbox 566 2105 651 2168; x_wconf 85' lang='lat' dir='ltr'>inter</span> <span class='ocrx_word' id='word_1_56' title='bbox 673 2108 800 2170; x_wconf 83' lang='lat' dir='ltr'>umbras</span> <span class='ocrx_word' id='word_1_57' title='bbox 824 2107 976 2170; x_wconf 85' lang='lat' dir='ltr'>arborum</span> <span class='ocrx_word' id='word_1_58' title='bbox 1048 2103 1067 2168; x_wconf 86' lang='lat'>5</span> 
     </span>
    </p>

    <p class='ocr_par' dir='ltr' id='par_1_8' title="bbox 65 2205 954 2296">
     <span class='ocr_line' id='line_1_10' title="bbox 65 2205 954 2296; baseline 0.004 -28"><span class='ocrx_word' id='word_1_59' title='bbox 65 2205 196 2290; x_wconf 78' lang='lat' dir='ltr'>Inplicat</span> <span class='ocrx_word' id='word_1_60' title='bbox 219 2229 343 2294; x_wconf 79' lang='lat' dir='ltr'>gazas</span> <span class='ocrx_word' id='word_1_61' title='bbox 365 2209 552 2273; x_wconf 75' lang='lat' dir='ltr'>virentes</span> <span class='ocrx_word' id='word_1_62' title='bbox 574 2211 612 2272; x_wconf 89' lang='lat' dir='ltr'>de</span> <span class='ocrx_word' id='word_1_63' title='bbox 634 2209 766 2296; x_wconf 87' lang='lat' dir='ltr'>flagello</span> <span class='ocrx_word' id='word_1_64' title='bbox 790 2220 954 2290; x_wconf 88' lang='lat' dir='ltr'>myrteo</span> 
     </span>
    </p>

    <p class='ocr_par' dir='ltr' id='par_1_9' title="bbox 67 2307 888 2377">
     <span class='ocr_line' id='line_1_11' title="bbox 67 2307 888 2377; baseline 0.006 -5"><span class='ocrx_word' id='word_1_65' title='bbox 67 2307 143 2374; x_wconf 86' lang='lat' dir='ltr'>Cras</span> <span class='ocrx_word' id='word_1_66' title='bbox 165 2311 260 2376; x_wconf 84' lang='lat' dir='ltr'>dione</span> <span class='ocrx_word' id='word_1_67' title='bbox 281 2311 350 2375; x_wconf 81' lang='lat' dir='ltr'>iure</span> <span class='ocrx_word' id='word_1_68' title='bbox 373 2309 450 2374; x_wconf 88' lang='lat' dir='ltr'>dicit</span> <span class='ocrx_word' id='word_1_69' title='bbox 470 2310 581 2374; x_wconf 80' lang='lat' dir='ltr'>fulta</span> <span class='ocrx_word' id='word_1_70' title='bbox 603 2311 770 2376; x_wconf 86' lang='lat' dir='ltr'>sublimi</span> <span class='ocrx_word' id='word_1_71' title='bbox 792 2325 888 2377; x_wconf 90' lang='lat' dir='ltr'>trono</span> 
     </span>
    </p>

    <p class='ocr_par' dir='ltr' id='par_1_10' title="bbox 67 2409 1070 2584">
     <span class='ocr_line' id='line_1_12' title="bbox 67 2409 1070 2502; baseline 0.005 -27"><span class='ocrx_word' id='word_1_72' title='bbox 67 2409 144 2478; x_wconf 82' lang='lat' dir='ltr'>Cres</span> <span class='ocrx_word' id='word_1_73' title='bbox 165 2426 249 2480; x_wconf 80' lang='lat' dir='ltr'>amet</span> <span class='ocrx_word' id='word_1_74' title='bbox 270 2413 325 2500; x_wconf 86' lang='lat' dir='ltr'>qui</span> <span class='ocrx_word' id='word_1_75' title='bbox 347 2435 506 2499; x_wconf 80' lang='lat' dir='ltr'>nunquam</span> <span class='ocrx_word' id='word_1_76' title='bbox 528 2414 646 2478; x_wconf 76' lang='lat' dir='ltr'>amavit</span> <span class='ocrx_word' id='word_1_77' title='bbox 668 2417 849 2502; x_wconf 85' lang='lat' dir='ltr'>quinque</span> <span class='ocrx_word' id='word_1_78' title='bbox 866 2413 983 2479; x_wconf 82' lang='lat' dir='ltr'>amavit</span> <span class='ocrx_word' id='word_1_79' title='bbox 1000 2438 1070 2480; x_wconf 82' lang='lat' dir='ltr'>cras</span> 
     </span>
     <span class='ocr_line' id='line_1_13' title="bbox 696 2531 780 2584; baseline -0.024 -1"><span class='ocrx_word' id='word_1_80' title='bbox 696 2531 780 2584; x_wconf 83' lang='lat' dir='ltr'>amet</span> 
     </span>
    </p>

    <p class='ocr_par' dir='ltr' id='par_1_11' title="bbox 69 2620 1073 2710">
     <span class='ocr_line' id='line_1_14' title="bbox 69 2620 1073 2710; baseline 0.008 -26"><span class='ocrx_word' id='word_1_81' title='bbox 69 2620 1073 2710; x_wconf 82' lang='lat' dir='ltr'>Tunequiuoredesuperhucspumeopont&#39;deglovo</span> 
     </span>
    </p>

    <p class='ocr_par' dir='ltr' id='par_1_12' title="bbox 66 2719 1074 2812">
     <span class='ocr_line' id='line_1_15' title="bbox 66 2719 1074 2812; baseline 0.006 -26"><span class='ocrx_word' id='word_1_82' title='bbox 66 2719 193 2791; x_wconf 82' lang='lat' dir='ltr'>Cerules</span> <span class='ocrx_word' id='word_1_83' title='bbox 215 2726 298 2790; x_wconf 87' lang='lat' dir='ltr'>inter</span> <span class='ocrx_word' id='word_1_84' title='bbox 320 2738 465 2791; x_wconf 80' lang='lat' dir='ltr'>catervas</span> <span class='ocrx_word' id='word_1_85' title='bbox 488 2727 691 2792; x_wconf 85' lang='lat' dir='ltr'>interetui</span> <span class='ocrx_word' id='word_1_86' title='bbox 706 2731 836 2812; x_wconf 74' lang='lat' dir='ltr'>‘pedes</span> <span class='ocrx_word' id='word_1_87' title='bbox 861 2751 964 2812; x_wconf 87' lang='lat' dir='ltr'>eques</span> <span class='ocrx_word' id='word_1_88' title='bbox 1033 2730 1074 2792; x_wconf 81' lang='lat'>10</span> 
     </span>
    </p>

    <p class='ocr_par' dir='ltr' id='par_1_13' title="bbox 24 2817 872 2916">
     <span class='ocr_line' id='line_1_16' title="bbox 24 2817 872 2916; baseline 0.011 -30"><span class='ocrx_word' id='word_1_89' title='bbox 24 2817 27 2826; x_wconf 75' lang='grc'><strong>’</strong></span> <span class='ocrx_word' id='word_1_90' title='bbox 66 2825 150 2892; x_wconf 81' lang='lat' dir='ltr'>Fecit</span> <span class='ocrx_word' id='word_1_91' title='bbox 171 2832 340 2895; x_wconf 84' lang='lat' dir='ltr'>undantem</span> <span class='ocrx_word' id='word_1_92' title='bbox 363 2828 486 2894; x_wconf 83' lang='lat' dir='ltr'>dione</span> <span class='ocrx_word' id='word_1_93' title='bbox 509 2833 548 2895; x_wconf 87' lang='lat' dir='ltr'>de</span> <span class='ocrx_word' id='word_1_94' title='bbox 572 2831 689 2916; x_wconf 82' lang='lat' dir='ltr'>maritis</span> <span class='ocrx_word' id='word_1_95' title='bbox 710 2830 872 2896; x_wconf 79' lang='lat' dir='ltr'>imbribus</span> 
     </span>
    </p>

    <p class='ocr_par' dir='ltr' id='par_1_14' title="bbox 66 2926 1071 3022">
     <span class='ocr_line' id='line_1_17' title="bbox 66 2926 1071 3022; baseline 0.009 -29"><span class='ocrx_word' id='word_1_96' title='bbox 66 2926 141 2994; x_wconf 81' lang='lat' dir='ltr'>Cras</span> <span class='ocrx_word' id='word_1_97' title='bbox 156 2942 241 2996; x_wconf 81' lang='lat' dir='ltr'>amet</span> <span class='ocrx_word' id='word_1_98' title='bbox 258 2932 314 3019; x_wconf 87' lang='lat' dir='ltr'>qui</span> <span class='ocrx_word' id='word_1_99' title='bbox 329 2953 488 3018; x_wconf 81' lang='lat' dir='ltr'>uunquam</span> <span class='ocrx_word' id='word_1_100' title='bbox 502 2933 620 2998; x_wconf 78' lang='lat' dir='ltr'>amavit</span> <span class='ocrx_word' id='word_1_101' title='bbox 636 2934 753 3022; x_wconf 84' lang='lat' dir='ltr'>quique</span> <span class='ocrx_word' id='word_1_102' title='bbox 768 2938 964 3001; x_wconf 80' lang='lat' dir='ltr'>amavitcras</span> <span class='ocrx_word' id='word_1_103' title='bbox 989 2948 1071 3002; x_wconf 80' lang='lat' dir='ltr'>amet</span> 
     </span>
    </p>

    <p class='ocr_par' dir='ltr' id='par_1_15' title="bbox 64 3021 1005 3124">
     <span class='ocr_line' id='line_1_18' title="bbox 64 3021 1005 3124; baseline 0.013 -32"><span class='ocrx_word' id='word_1_104' title='bbox 64 3028 133 3113; x_wconf 80' lang='lat' dir='ltr'>lpse</span> <span class='ocrx_word' id='word_1_105' title='bbox 154 3021 580 3122; x_wconf 81' lang='lat' dir='ltr'>gemmaspurpurantem</span> <span class='ocrx_word' id='word_1_106' title='bbox 604 3037 711 3124; x_wconf 85' lang='lat' dir='ltr'>pingit</span> <span class='ocrx_word' id='word_1_107' title='bbox 734 3060 847 3102; x_wconf 86' lang='lat' dir='ltr'>annum</span> <span class='ocrx_word' id='word_1_108' title='bbox 869 3037 1005 3104; x_wconf 82' lang='lat' dir='ltr'>floribus</span> 
     </span>
    </p>

    <p class='ocr_par' dir='ltr' id='par_1_16' title="bbox 67 3133 943 3225">
     <span class='ocr_line' id='line_1_19' title="bbox 67 3133 943 3225; baseline 0.011 -29"><span class='ocrx_word' id='word_1_109' title='bbox 67 3133 135 3216; x_wconf 84' lang='lat' dir='ltr'>Ipsa</span> <span class='ocrx_word' id='word_1_110' title='bbox 156 3139 373 3225; x_wconf 84' lang='lat' dir='ltr'>surgentis</span> <span class='ocrx_word' id='word_1_111' title='bbox 394 3140 528 3224; x_wconf 86' lang='lat' dir='ltr'>papillas</span> <span class='ocrx_word' id='word_1_112' title='bbox 551 3145 589 3204; x_wconf 89' lang='lat' dir='ltr'>de</span> <span class='ocrx_word' id='word_1_113' title='bbox 611 3142 780 3206; x_wconf 85' lang='lat' dir='ltr'>fabonis</span> <span class='ocrx_word' id='word_1_114' title='bbox 803 3142 943 3225; x_wconf 83' lang='lat' dir='ltr'>paritu</span> 
     </span>
    </p>

    <p class='ocr_par' dir='ltr' id='par_1_17' title="bbox 69 3236 1068 3328">
     <span class='ocr_line' id='line_1_20' title="bbox 69 3236 1068 3328; baseline 0.012 -28"><span class='ocrx_word' id='word_1_115' title='bbox 69 3236 222 3326; x_wconf 83' lang='lat' dir='ltr'>Urguet</span> <span class='ocrx_word' id='word_1_116' title='bbox 243 3243 283 3306; x_wconf 91' lang='lat' dir='ltr'>in</span> <span class='ocrx_word' id='word_1_117' title='bbox 305 3255 419 3308; x_wconf 87' lang='lat' dir='ltr'>totos</span> <span class='ocrx_word' id='word_1_118' title='bbox 440 3256 585 3327; x_wconf 84' lang='lat' dir='ltr'>pentes</span> <span class='ocrx_word' id='word_1_119' title='bbox 607 3245 695 3328; x_wconf 87' lang='lat' dir='ltr'>ipsa</span> <span class='ocrx_word' id='word_1_120' title='bbox 717 3246 801 3309; x_wconf 83' lang='lat' dir='ltr'>roris</span> <span class='ocrx_word' id='word_1_121' title='bbox 826 3246 920 3308; x_wconf 88' lang='lat' dir='ltr'>lucidi</span> <span class='ocrx_word' id='word_1_122' title='bbox 1029 3250 1068 3312; x_wconf 76' lang='lat'>15</span> 
     </span>
    </p>

    <p class='ocr_par' dir='ltr' id='par_1_18' title="bbox 65 3338 1062 3438">
     <span class='ocr_line' id='line_1_21' title="bbox 65 3338 1062 3438; baseline 0.009 -33"><span class='ocrx_word' id='word_1_123' title='bbox 65 3338 172 3407; x_wconf 80' lang='lat' dir='ltr'>Noctis</span> <span class='ocrx_word' id='word_1_124' title='bbox 195 3367 271 3410; x_wconf 83' lang='lat' dir='ltr'>aura</span> <span class='ocrx_word' id='word_1_125' title='bbox 293 3369 385 3431; x_wconf 89' lang='lat' dir='ltr'>quem</span> <span class='ocrx_word' id='word_1_126' title='bbox 418 3345 628 3432; x_wconf 66' lang='lat' dir='ltr'>relinquid</span> <span class='ocrx_word' id='word_1_127' title='bbox 647 3349 772 3434; x_wconf 81' lang='lat' dir='ltr'>spargit</span> <span class='ocrx_word' id='word_1_128' title='bbox 793 3351 941 3414; x_wconf 88' lang='lat' dir='ltr'>tumentis</span> <span class='ocrx_word' id='word_1_129' title='bbox 965 3374 1062 3438; x_wconf 84' lang='lat' dir='ltr'>aquas</span> 
     </span>
    </p>

    <p class='ocr_par' dir='ltr' id='par_1_19' title="bbox 67 3439 1065 3539">
     <span class='ocr_line' id='line_1_22' title="bbox 67 3439 1065 3539; baseline 0.016 -35"><span class='ocrx_word' id='word_1_130' title='bbox 67 3439 107 3506; x_wconf 87' lang='lat' dir='ltr'>Et</span> <span class='ocrx_word' id='word_1_131' title='bbox 128 3467 183 3513; x_wconf 92' lang='lat' dir='ltr'>me</span> <span class='ocrx_word' id='word_1_132' title='bbox 205 3460 324 3513; x_wconf 84' lang='lat' dir='ltr'>canat</span> <span class='ocrx_word' id='word_1_133' title='bbox 339 3450 506 3514; x_wconf 79' lang='lat' dir='ltr'>lacrime</span> <span class='ocrx_word' id='word_1_134' title='bbox 521 3463 690 3516; x_wconf 86' lang='lat' dir='ltr'>trementes</span> <span class='ocrx_word' id='word_1_135' title='bbox 707 3455 805 3517; x_wconf 78' lang='lat' dir='ltr'>deca</span> <span class='ocrx_word' id='word_1_136' title='bbox 820 3455 904 3517; x_wconf 85' lang='lat' dir='ltr'>dum</span> <span class='ocrx_word' id='word_1_137' title='bbox 920 3459 1065 3539; x_wconf 86' lang='lat' dir='ltr'>pondere</span> 
     </span>
    </p>

    <p class='ocr_par' dir='ltr' id='par_1_20' title="bbox 66 3543 1018 3646">
     <span class='ocr_line' id='line_1_23' title="bbox 66 3543 1018 3646; baseline 0.021 -42"><span class='ocrx_word' id='word_1_138' title='bbox 66 3543 158 3614; x_wconf 85' lang='lat' dir='ltr'>Gutta</span> <span class='ocrx_word' id='word_1_139' title='bbox 178 3573 352 3637; x_wconf 83' lang='lat' dir='ltr'>preceps</span> <span class='ocrx_word' id='word_1_140' title='bbox 375 3556 473 3646; x_wconf 77' lang='lat' dir='ltr'>urbe</span> <span class='ocrx_word' id='word_1_141' title='bbox 496 3574 604 3636; x_wconf 71' lang='lat' dir='ltr'>parvo,</span> <span class='ocrx_word' id='word_1_142' title='bbox 621 3553 805 3620; x_wconf 85' lang='lat' dir='ltr'>sustinet</span> <span class='ocrx_word' id='word_1_143' title='bbox 828 3579 918 3622; x_wconf 79' lang='lat' dir='ltr'>casus</span> <span class='ocrx_word' id='word_1_144' title='bbox 943 3582 1018 3624; x_wconf 89' lang='lat' dir='ltr'>suos</span> 
     </span>
    </p>

    <p class='ocr_par' dir='ltr' id='par_1_21' title="bbox 69 3643 1025 3745">
     <span class='ocr_line' id='line_1_24' title="bbox 69 3643 1025 3745; baseline 0.009 -28"><span class='ocrx_word' id='word_1_145' title='bbox 69 3643 101 3710; x_wconf 76' lang='lat' dir='ltr'>ln</span> <span class='ocrx_word' id='word_1_146' title='bbox 122 3659 314 3734; x_wconf 82' lang='lat' dir='ltr'>pudorem</span> <span class='ocrx_word' id='word_1_147' title='bbox 337 3650 572 3723; x_wconf 74' lang='lat' dir='ltr'>florit&#39;ente</span> <span class='ocrx_word' id='word_1_148' title='bbox 594 3659 807 3741; x_wconf 78' lang='lat' dir='ltr'>prodiderimt</span> <span class='ocrx_word' id='word_1_149' title='bbox 828 3683 987 3745; x_wconf 87' lang='lat' dir='ltr'>pupure</span> <span class='ocrx_word' id='word_1_150' title='bbox 1023 3735 1025 3741; x_wconf 15' lang='lat' dir='ltr'>y</span> 
     </span>
    </p>
   </div>
   <div class='ocr_carea' id='block_1_4' title="bbox 68 3872 1066 4079">
    <p class='ocr_par' dir='ltr' id='par_1_22' title="bbox 68 3872 1066 4079">
     <span class='ocr_line' id='line_1_25' title="bbox 112 3872 1066 3944; baseline 0.017 -30"><span class='ocrx_word' id='word_1_151' title='bbox 112 3872 179 3924; x_wconf 81' lang='lat' dir='ltr'>Vsrs.</span> <span class='ocrx_word' id='word_1_152' title='bbox 201 3875 241 3923; x_wconf 84' lang='lat'>1⁰.</span> <span class='ocrx_word' id='word_1_153' title='bbox 278 3877 407 3939; x_wconf 73' lang='lat' dir='ltr'>intentui]</span> <span class='ocrx_word' id='word_1_154' title='bbox 427 3880 465 3924; x_wconf 79' lang='lat' dir='ltr'>Sic</span> <span class='ocrx_word' id='word_1_155' title='bbox 485 3881 570 3928; x_wconf 76' lang='lat' dir='ltr'>Huuth.</span> <span class='ocrx_word' id='word_1_156' title='bbox 590 3881 705 3927; x_wconf 73' lang='lat' dir='ltr'>intereas</span> <span class='ocrx_word' id='word_1_157' title='bbox 724 3883 776 3927; x_wconf 86' lang='lat' dir='ltr'>Siti.</span> <span class='ocrx_word' id='word_1_158' title='bbox 816 3881 856 3930; x_wconf 70' lang='lat'>14.</span> <span class='ocrx_word' id='word_1_159' title='bbox 872 3883 1066 3944; x_wconf 78' lang='lat' dir='ltr'>purititJusec.</span> 
     </span>
     <span class='ocr_line' id='line_1_26' title="bbox 68 3942 1062 4014; baseline 0.015 -30"><span class='ocrx_word' id='word_1_160' title='bbox 68 3946 97 3979; x_wconf 78' lang='lat'>¹¹1·</span> <span class='ocrx_word' id='word_1_161' title='bbox 120 3942 200 3991; x_wconf 71' lang='lat' dir='ltr'>literae</span> <span class='ocrx_word' id='word_1_162' title='bbox 225 3962 250 3992; x_wconf 64' lang='lat' dir='ltr'>a.</span> <span class='ocrx_word' id='word_1_163' title='bbox 269 3962 390 4004; x_wconf 75' lang='lat' dir='ltr'>super-scr.</span> <span class='ocrx_word' id='word_1_164' title='bbox 419 3963 432 3993; x_wconf 84' lang='lat' dir='ltr'>e</span> <span class='ocrx_word' id='word_1_165' title='bbox 456 3950 543 3994; x_wconf 76' lang='lat' dir='ltr'>Hauth.</span> <span class='ocrx_word' id='word_1_166' title='bbox 566 3965 580 3995; x_wconf 88' lang='lat' dir='ltr'>u</span> <span class='ocrx_word' id='word_1_167' title='bbox 600 3952 670 4004; x_wconf 79' lang='lat' dir='ltr'>Siti..</span> <span class='ocrx_word' id='word_1_168' title='bbox 694 3955 718 3996; x_wconf 89' lang='lat' dir='ltr'>ut</span> <span class='ocrx_word' id='word_1_169' title='bbox 738 3955 783 3998; x_wconf 86' lang='lat' dir='ltr'>sit:</span> <span class='ocrx_word' id='word_1_170' title='bbox 808 3954 894 4012; x_wconf 76' lang='lat' dir='ltr'>pri-itu</span> <span class='ocrx_word' id='word_1_171' title='bbox 913 3958 949 4000; x_wconf 87' lang='lat' dir='ltr'>vet</span> <span class='ocrx_word' id='word_1_172' title='bbox 964 3959 1062 4014; x_wconf 68' lang='lat' dir='ltr'>purete.</span> 
     </span>
     <span class='ocr_line' id='line_1_27' title="bbox 73 4003 541 4079; baseline 0.015 -22"><span class='ocrx_word' id='word_1_173' title='bbox 73 4003 108 4051; x_wconf 76' lang='lat'>¹9·</span> <span class='ocrx_word' id='word_1_174' title='bbox 123 4015 230 4078; x_wconf 82' lang='lat' dir='ltr'>pupure]</span> <span class='ocrx_word' id='word_1_175' title='bbox 250 4019 336 4064; x_wconf 80' lang='lat' dir='ltr'>Hsutb.</span> <span class='ocrx_word' id='word_1_176' title='bbox 352 4033 469 4079; x_wconf 70' lang='lat' dir='ltr'>purpurae</span> <span class='ocrx_word' id='word_1_177' title='bbox 488 4021 541 4066; x_wconf 80' lang='lat' dir='ltr'>siu.</span> 
     </span>
    </p>
   </div>
   <div class='ocr_carea' id='block_1_5' title="bbox 0 0 1404 4746">
    <p class='ocr_par' dir='ltr' id='par_1_23' title="bbox 0 0 1404 4746">
     <span class='ocr_line' id='line_1_28' title="bbox 0 0 1404 4746; baseline 0 0"><span class='ocrx_word' id='word_1_178' title='bbox 0 0 1404 4746; x_wconf 95' lang='lat' dir='ltr'> </span> 
     </span>
    </p>
   </div>
  </div>
 </body>
</html>
