2788 4772
295 342 337 407 82

298 483 374 561 Quo
396 491 490 563 paeto
513 500 577 543 non
599 477 799 562 possideant,
823 479 912 562 quod
932 475 1033 540 suerit
1055 478 1179 552 datum,
1263 477 1301 539 15

297 586 492 648 Fructumve
515 582 660 666 capiant:
685 581 795 644 deinde
817 601 897 665 quae
919 579 1050 644 tulerint
1071 579 1172 656 nihil,

297 687 441 767 Quanam
464 685 586 750 ratione
608 684 776 748 conserant
795 683 975 766 pecuniam.

297 790 472 874 Postquam
496 799 684 869 consumpta
707 798 754 850 est
775 786 930 868 temporis
952 784 1042 870 longi
1063 807 1172 863 mora,

297 894 369 956 Nec
392 892 570 954 testamenti
592 890 699 972 potuit
720 911 828 952 sensus
851 887 980 972 colligi,

298 995 408 1058 Fidem
432 993 618 1069 advocavit,
642 992 711 1055 iure
735 994 901 1078 neglecto,
925 1013 1054 1073 parens.

297 1095 431 1178 Seponit
454 1098 603 1160 moechae
625 1106 765 1171 vestem,
790 1097 937 1158 uumdum
961 1094 1163 1168 muliebrem,

297 1193 520 1260 Lavationem
532 1208 715 1282 argenteam
728 1241 737 1272 ,
763 1198 943 1273 cunuchos,
969 1197 1121 1280 glabros:

297 1302 457 1363 Lanificae
481 1301 620 1382 agellos,
644 1320 781 1382 pecora,
809 1300 929 1372 villam,
955 1298 1140 1380 operarios,

298 1404 430 1476 Boves,
455 1385 589 1474 iuureula
613 1413 645 1464 et
667 1403 906 1465 instrumentum
930 1400 1107 1464 rusticum:

297 1504 422 1569 Potrici
443 1505 567 1585 plenum
591 1504 728 1588 antiquis
751 1505 939 1586 apothecam
962 1504 1068 1579 cadis,

296 1608 435 1671 Douuuu
458 1609 589 1688 politam
612 1619 644 1670 et
667 1608 820 1670 delicatos
842 1607 1004 1668 hortulos.

298 1710 351 1771 Sic
373 1710 526 1770 destinata
548 1713 624 1772 dare
647 1731 742 1791 quum
766 1710 861 1770 vellet
883 1709 1023 1792 singulis·
1084 1722 1094 1746 ²

297 1813 340 1874 Et
363 1813 557 1894 adprobaret
577 1813 736 1893 populus,
761 1811 814 1892 qui
836 1809 906 1873 illas
929 1823 1080 1886 noverat,

298 1915 449 1994 Aesopus
473 1912 573 1975 media
596 1913 702 1976 subito
725 1913 756 1975 in
778 1915 872 1975 turba
893 1913 1053 1976 constitit:

299 2019 329 2081 Ο
353 2016 380 2078 si
401 2026 541 2077 maneret
562 2015 693 2079 condito
716 2038 825 2078 seusus
849 2017 935 2097 patri

300 2120 401 2198 Quam
425 2118 568 2202 graviter
589 2120 710 2193 ferret,
735 2122 822 2201 quod
847 2119 1040 2182 volumtatem
1064 2141 1149 2180 suam

298 2220 508 2302 Interpretari
531 2243 594 2284 non
616 2221 795 2302 potuissent
817 2221 934 2284 Attici!

297 2326 444 2407 Rogatus
466 2325 577 2386 deinde
599 2325 697 2388 solvit
718 2345 861 2387 errorem
885 2323 1036 2387 omnium.

297 2426 436 2491 Domum
459 2439 490 2488 et
513 2439 697 2489 ornamenta
720 2450 788 2490 cum
815 2427 953 2490 venustis
975 2425 1109 2489 hortulis

297 2530 340 2592 Et
364 2528 437 2592 vina
461 2540 569 2591 vetera
591 2533 663 2591 date
687 2531 827 2593 lanificae
851 2531 1008 2593 rusticae:

297 2632 453 2706 Vestem,
478 2631 629 2708 uniones,
653 2633 846 2714 pedisequos
871 2644 901 2695 et
925 2645 1030 2695 cetera

296 2733 348 2795 Illi
370 2731 551 2818 adsignate,
578 2733 673 2797 vitam
696 2756 777 2820 quae
799 2736 878 2798 luxu
900 2736 1014 2798 trahit:

295 2837 423 2920 Agros,
447 2835 527 2897 vites
551 2846 582 2898 et
603 2858 723 2918 pecora
747 2837 1024 2919 compastoribus

294 2937 422 3001 Donate
445 2940 606 3005 moechae.
651 2942 745 3002 Nulla
770 2941 889 3023 poterit
910 2941 1054 3024 perpeti,

295 3043 339 3105 Ut
364 3039 506 3104 moribus
529 3042 605 3126 quid
626 3053 731 3104 teneat
753 3044 885 3105 alienum
908 3025 1002 3106 suis.'

294 3141 458 3206 Deformis
481 3145 599 3207 cultum
622 3149 753 3221 vendet,
779 3157 813 3208 ut
836 3146 939 3208 vinum
961 3160 1072 3228 paret;

296 3246 410 3327 Agros
433 3246 557 3309 abiiciet
575 3249 729 3324 ⁸utoecha,
755 3260 789 3310 ut
811 3261 959 3312 ornatum
981 3263 1090 3332 paret;

294 3347 339 3411 At
362 3346 414 3409 illa
438 3351 577 3431 gaudens
600 3371 717 3432 pecore
739 3363 770 3412 et
792 3351 879 3413 lanae
902 3353 1004 3415 dedita

294 3450 489 3544 Quacumque
512 3448 631 3514 summa
653 3455 754 3516 tradet
777 3454 921 3520 luxuriae
945 3459 1084 3520 domum.

292 3662 337 3693 nee
356 3651 420 3696 lecto
436 3651 467 3698 P.
493 3648 531 3710 (ut
551 3654 613 3696 miro
641 3667 724 3698 errore
750 3655 846 3701 volebat
865 3653 939 3710 Gud.)
987 3653 1041 3714 (23)
1061 3679 1094 3691 -
1108 3673 1220 3716 peccaro
1236 3661 1296 3707 P.a

292 3732 330 3774 pc.
348 3735 380 3765 m.
418 3718 476 3778 (25)
494 3745 527 3755 -
545 3727 672 3778 apulorum
698 3724 727 3768 P.
755 3739 779 3780 p.
817 3723 874 3782 (34)
894 3749 927 3758 -
944 3727 1035 3771 ortulis
1054 3727 1083 3775 P.
1122 3728 1176 3787 (38)
1195 3745 1294 3792 agros,

293 3788 365 3850 vites]
386 3804 408 3845 p.
428 3792 454 3835 S.
474 3815 507 3825 -
525 3805 604 3850 agros
626 3794 701 3836 utiles
719 3794 749 3837 P.
762 3791 802 3838 u.
823 3819 855 3829 -
874 3809 966 3854 agros,
999 3799 1073 3840 villus
1094 3799 1155 3843 Gud.
1178 3802 1220 3857 (-
1235 3815 1294 3860 pec·

292 3871 352 3900 eoru
369 3860 413 3903 ΡΛ
457 3857 511 3916 (ll)
531 3885 563 3895 -
582 3863 665 3905 ciarum
682 3869 751 3919 petat
769 3865 788 3907 l.
810 3867 837 3912 P.
865 3865 972 3909 Gronov.
993 3867 1076 3914 burm.
1115 3867 1168 3925 (42)
1189 3881 1221 3913 =
1242 3871 1293 3915 cbi-

293 3927 341 3970 eiat
358 3928 388 3971 P.
408 3929 437 3973 R.
458 3944 481 3985 p.
518 3929 574 3988 (ulls)
597 3944 695 3975 acinano
716 3933 798 3977 tradet
814 3933 945 3994 Itaxtariue]
966 3949 988 3991 p.
1008 3939 1034 3980 S.
1056 3959 1088 3970 --
1106 3952 1219 3983 susumus
1240 3945 1291 3984 tra-¹

294 3995 337 4040 dot
355 3998 473 4042 luxoriae
491 4000 520 4044 Ρ.
541 4002 570 4046 ll.
591 4001 635 4060 (-
653 4003 751 4048 detritam
769 4005 798 4047 ll.
819 4019 832 4052 a
857 4019 905 4050 sec.
929 4005 1036 4062 utoriull
1062 4004 1118 4066 (lb)
1137 4007 1169 4052 Et
1184 3995 1290 4068 ¹‹Iit-tum]

1370 566 1372 605 l
