2768 4750
295 310 589 406 ssu‘'

358 478 479 546 Tribus
508 501 572 566 ego
603 490 776 564 practerea,
795 477 945 547 subsidiis
968 479 1072 554 cartu,
1111 478 1301 544 editionibus

294 582 337 650 C.
366 584 408 649 F.
441 581 612 660 Schmidii,
651 583 803 659 Halmae,
855 583 1042 649 recensione
1071 582 1301 659 Schaubacbii,

293 689 342 754 V.
378 685 422 752 G.
479 687 571 750 Haec
608 696 774 767 postrema
807 698 993 749 asservatur
1027 687 1059 748 iu
1104 687 1305 752 Bibliotheca

222 797 225 804 ’
294 788 521 858 Universitatis
550 787 728 871 Lipsiensis
759 797 853 872 atque
887 789 1016 852 omnino
1045 802 1183 871 propter
1212 811 1306 873 egre·

294 883 616 980 giss'obscuriorum
638 893 786 956 locorum
814 890 1092 972 interpretationes
1122 891 1305 976 dignissima

294 1009 362 1074 est,
386 1016 469 1082 quae
480 994 603 1084 publici
616 993 696 1058 iuris
710 995 778 1058 fiat.
823 994 947 1056 Verum
963 1005 1033 1056 aute
1048 997 1108 1058 hos
1124 1007 1191 1060 tres
1207 1017 1309 1059 annos

293 1100 432 1185 quumin
447 1097 616 1164 Ciceronis
633 1097 764 1162 Arateis
773 1095 930 1179 permissu
942 1097 1041 1177 ipsius
1051 1099 1261 1163 Schaubacbii
1276 1111 1307 1162 et

139 1225 140 1234 ¹
220 1218 222 1222 ·
293 1201 459 1268 Sebaeieri
487 1200 708 1266 edoctissirna
732 1199 815 1266 illius
846 1219 921 1264 cura
947 1200 1142 1264 illustrandis
1166 1223 1308 1283 occupa·

292 1317 345 1370 lus
366 1305 452 1370 domi
472 1325 539 1368 eam
558 1306 729 1377 haberem,
754 1304 893 1366 noudum
910 1314 1018 1366 cactus
1034 1317 1099 1370 tres
1116 1327 1204 1368 meos
1222 1305 1306 1370 Cdd.

293 1406 587 1494 praestantissimos
599 1409 637 1468 dc
650 1407 841 1471 Germanico
857 1428 987 1490 quoque
1000 1408 1170 1491 aliquando
1185 1410 1307 1472 edendo

294 1511 420 1576 minime
443 1509 626 1595 cogitabam
656 1530 714 1572 nec
747 1509 918 1594 quidquam
945 1510 1018 1572 inde
1045 1521 1121 1574 tune
1148 1512 1307 1593 temporis

243 1636 250 1660 κ
294 1612 454 1696 excerpsi.
498 1614 594 1676 Nunc
619 1633 700 1676 vero
726 1633 762 1676 ea
791 1611 836 1675 uti
860 1633 919 1674 nec
942 1613 1036 1694 potui
1066 1635 1170 1698 ireque
1197 1614 1305 1689 volui3

295 1716 430 1796 etenim,
455 1714 514 1780 etsi
538 1715 613 1783 Viri
638 1715 684 1778 illi
708 1713 928 1792 eruditissimi,
952 1727 1101 1798 quatum
1125 1717 1260 1782 suerunt
1277 1717 1308 1780 in

295 1841 348 1900 nne
368 1818 585 1903 benignitate,
621 1839 688 1880 eant
713 1838 824 1882 rursus
852 1837 972 1881 nrcctrm
998 1807 1306 1896 communicassent,

296 1921 511 2004 redemptoris
533 1931 637 1984 tamen
659 1921 800 1986 rationes
829 1921 953 1986 minime
975 1936 1237 2004 passaranum,
1275 1936 1309 1986 ut

295 2025 422 2110 integra
444 2045 463 2090 a
485 2045 535 2087 me
557 2025 725 2098 ederetur;
762 2035 815 2099 et,
849 2023 881 2088 in
904 2045 944 2088 eo
966 2025 993 2088 si
1014 2024 1250 2102 substitissem,
1275 2036 1308 2090 ut

297 2129 419 2212 optima
442 2148 587 2212 quaeque
610 2126 682 2204 inde
704 2125 895 2210 seligerem,
919 2149 1070 2212 magnum
1091 2130 1124 2192 id
1145 2131 1205 2194 toti
1220 2151 1310 2196 com·

297 2230 454 2306 mentatio
477 2229 699 2296 detrimentum
719 2233 924 2311 postmodum
947 2231 1118 2298 attulisset.

361 2335 458 2428 Quod
479 2344 582 2402 autem
604 2336 643 2397 ad
658 2331 794 2400 Haltuae
812 2332 974 2417 inceptum
996 2332 1125 2411 attinet,
1149 2358 1191 2400 ex
1205 2338 1308 2402 amico

297 2437 472 2507 Hauthalio
500 2436 679 2502 sciscitatus
701 2457 790 2512 sum,
815 2458 854 2503 an
877 2437 981 2501 critici
995 2438 1144 2519 praesidii
1155 2440 1202 2504 itti
1217 2441 1309 2526 quid·

297 2535 382 2624 piam
404 2540 533 2608 inesset.
577 2540 730 2621 Inspecto
755 2540 859 2616 libro,
884 2562 979 2624 quem
1002 2541 1115 2605 Turici
1137 2545 1231 2607 demo
1252 2545 1308 2608 ha·

298 2646 370 2720 bet,
405 2642 493 2708 illico
515 2641 682 2725 respondit
712 2642 763 2706 itte
789 2664 893 2729 aequo
923 2645 1029 2710 anirno
1056 2667 1105 2708 me
1127 2667 1168 2710 eo
1191 2647 1308 2712 caritu-

298 2769 391 2824 rum,
430 2756 543 2827 utpote
572 2745 625 2828 qui
655 2747 696 2808 ad
727 2747 854 2812 codices
888 2759 980 2811 antea
1008 2735 1139 2832 teucros
1179 2762 1307 2816 exactus

299 2859 491 2924 non-esset3
528 2869 621 2921 tunam
651 2859 757 2914 tamen
780 2849 855 2916 mibi
886 2849 968 2917 misit
994 2853 1242 2922 emendationem
1269 2857 1306 2918 ab

274 2953 416 3018 ,Halma
437 2950 670 3034 excogitatam,
706 2952 814 3038 utique
839 2955 1041 3037 probabilem
1062 2959 1110 3033 (v.
1144 2960 1234 3037 tlt.)
1265 2958 1306 3038 (ὓ)

302 3055 481 3123 Schmidius
504 3054 581 3139 quid
604 3055 819 3138 praestiterit,
843 3077 979 3140 prorsus
995 3059 1132 3141 ignorat
1155 3081 1307 3144 nusquam

302 3159 383 3236 enirn
409 3159 476 3223 cius
501 3156 661 3234 libellum,
697 3157 758 3222 etsi
784 3157 927 3226 studiose
950 3159 1144 3244 quaesitum,
1167 3161 1308 3245 reperire

303 3261 408 3345 potui.
453 3262 565 3326 Bonus
588 3261 616 3326 si
638 3273 742 3336 osset,
766 3260 875 3344 utique
897 3261 1007 3328 notior
1029 3274 1126 3330 esset.

366 3364 407 3428 Id
429 3383 510 3430 vero
532 3363 623 3430 unice
643 3366 846 3448 propositum
869 3365 945 3428 mihi
966 3365 1045 3443 tuit,
1068 3379 1104 3432 ut
1126 3367 1307 3437 Germanici

305 3471 494 3550 opusculum
520 3469 623 3532 denuo
648 3469 687 3530 ad
707 3467 852 3532 codicum
874 3469 1093 3542 auctoritatem
1119 3493 1306 3540 revocarem

306 3583 338 3644 et
353 3568 584 3654 probabiliter,
614 3582 764 3655 quantum
779 3591 862 3636 nunc
876 3571 967 3651 lieet,
991 3577 1212 3644 emendarem:
1237 3599 1309 3660 per-

359 3728 394 3789 (*)
414 3729 478 3780 ttase
497 3731 590 3778 scilicet
606 3733 664 3780 dicit
681 3735 774 3788 editor,
802 3733 840 3778 eni
868 3731 947 3776 stitus
973 3729 1069 3786 patebat
1088 3733 1118 3776 ad
1143 3729 1244 3790 Regiam
1274 3731 1307 3774 lsi·

307 3801 465 3848 bliolbsram:
485 3815 542 3863 pag·
562 3799 635 3852 lbl.:
653 3801 684 3848 Js
702 3817 741 3848 ms
762 3802 818 3850 araia
832 3799 1019 3864 gindrelssrrsnt
1033 3798 1165 3860 conformi
1182 3815 1236 3845 eur
1254 3813 1307 3844 eor·

307 3872 419 3921 rsrts'ona
444 3870 475 3919 de
500 3870 607 3920 Grotius
630 3871 696 3920 dana
724 3887 767 3920 m
786 3875 876 3920 heus
897 3875 922 3916 et
948 3863 964 3916 b
984 3871 1061 3920 calles
1084 3869 1114 3918 ds
1131 3867 1227 3918 matt·
1250 3864 1307 3928 (sie)

304 3954 365 3989 esee
389 3941 506 4001 quelques
529 3944 715 3999 restrictione.”
760 3945 787 3992 ld
812 3948 863 4000 sal,
889 3939 974 3997 „utttt
992 3954 1038 4002 ego
1063 3942 1124 3992 leri:
1156 3942 1228 3990 eliam
1247 3941 1302 3988 est

308 4011 409 4074 ttegtun
428 4013 548 4073 ceflsriss'
