2796 4746
315 374 379 438 238

315 529 424 572 crearet.
460 524 528 570 Finis
546 521 807 584 argumentationum
825 537 848 574 1.
864 521 905 574 72.
925 539 964 572 11.
984 526 1049 574 uncie
1067 529 1156 576 aleret.
1189 531 1267 578 Totis
1278 547 1319 579 nu-

314 597 387 642 111611
405 609 490 640 111111
509 610 553 651 pro
583 596 733 650 ‚‚oninibus;
759 595 1008 644 innurnernbitibus.''
1035 599 1089 644 Cir.
1109 602 1205 660 Virgilii
1224 603 1272 649 Ge.
1293 603 1320 659 1,

315 666 382 713 322:
410 667 560 711 immensum
586 665 656 709 caelo
683 665 749 710 venit
766 679 859 725 agmen
876 681 999 727 aquaram
1018 694 1028 704 ·
1046 695 1058 705 ·
1076 667 1197 728 collectae
1214 687 1250 716 ex
1273 675 1321 718 ello

313 738 402 784 nubes.
423 735 522 793 (Raptis
542 736 592 780 vult
613 733 721 794 Rtgler.)
742 734 841 781 Vernus
865 738 965 784 debetur
979 739 1093 787 Pithoeo.
1138 743 1203 787 litem
1221 745 1321 788 coniecit

308 809 392 872 fluxit
410 808 492 872 almap
519 805 686 850 confirmatum
711 819 725 850 s
756 806 816 852 con.
837 807 912 853 sitm.
961 812 1040 857 Prnve
1058 811 1132 870 igitur
1154 819 1252 871 egeret,
1283 814 1320 872 qut

258 907 264 917 t
313 882 406 938 tegeret
427 892 481 922 cnm
498 876 582 931 Lipsio
599 867 692 938 fluxus
709 877 792 920 elenae
808 891 848 932 c.,
877 881 914 923 vel
930 893 984 926 euni
999 880 1114 928 Moebim
1128 881 1222 944 fluxus
1240 885 1320 928 almae

312 956 351 996 est
368 963 392 994 e.
429 944 485 1004 (62)
496 943 574 1004 setus
587 946 653 994 Pith.
673 943 709 1004 (ls
728 949 839 1004 scripsit:
862 945 891 992 Ut
908 948 975 1001 (curn
990 966 1034 997 sno
1048 948 1123 1007 coa.)
1133 948 1207 1009 setus
1218 953 1320 998 immix-

311 1018 377 1074 tas.)
413 1015 589 1076 (66)1115111;
609 1040 643 1050 -
660 1015 777 1062 Persium
798 1017 841 1060 sui
859 1024 944 1062 tenore
959 1021 1080 1067 seminali
1099 1022 1235 1068 tramitem.
1273 1025 1318 1068 snt

311 1091 372 1134 hunc
389 1089 453 1132 coni.
477 1088 515 1132 vin
530 1087 699 1131 admittendam
717 1099 770 1130 esse
793 1088 941 1134 demonstret
964 1093 1033 1137 ‹locts
1055 1081 1160 1136 Schul'zii
1178 1094 1317 1140 annotatio:

311 1159 417 1216 „Tenor
434 1163 471 1204 est
489 1159 531 1203 itte
550 1162 679 1213 perpetuus
697 1170 827 1212 corporum
843 1159 867 1202 iu
886 1172 989 1217 corpore
1008 1164 1126 1209 decnrsns
1142 1166 1166 1206 et
1182 1176 1317 1222 regressus,

311 1223 420 1290 ἀέναος
438 1220 513 1292 ὕλη,
539 1242 586 1285 qno
602 1232 686 1272 cuncte
704 1225 862 1272 officinarum·
886 1228 1014 1276 Censorini
1036 1232 1070 1292 (1.
1088 1233 1169 1287 potins
1185 1234 1316 1288 Anonymi,

311 1300 351 1358 qui
364 1299 500 1344 Censorino
513 1299 575 1344 solet
589 1297 700 1356 subiungi
710 1294 730 1354 :)
743 1297 840 1356 Frsgrn.
860 1296 932 1356 (Cep.
952 1301 972 1350 l.
990 1316 1015 1358 p.
1038 1297 1098 1348 slt.
1116 1301 1163 1346 Ed.
1178 1302 1316 1362 Contulit-ig.

313 1366 402 1426 1695.)
444 1368 523 1414 Initia
546 1382 633 1442 rerlum
658 1366 746 1412 eadem
772 1368 895 1414 elementa
912 1377 936 1416 et
956 1371 1089 1434 principia
1106 1370 1237 1418 dicuntur.
1281 1371 1317 1418 Ee

310 1439 391 1485 Stoici
412 1438 519 1484 credunt
536 1444 645 1483 tenorem
662 1443 735 1497 atque
753 1438 898 1485 materiam.
941 1441 1077 1498 Tenonm,
1097 1441 1154 1501 qui,
1175 1449 1317 1488 rarescente

310 1510 437 1563 materia,
469 1522 485 1553 a
502 1507 584 1554 medio
603 1507 689 1554 tendat
705 1506 741 1553 ad
757 1521 902 1564 summum;
925 1510 1013 1556 eadem
1033 1519 1210 1557 concrescente
1228 1527 1317 1558 rursus

308 1595 326 1624 a
343 1575 626 1638 summoresereturad
642 1576 778 1624 mediurn.”
812 1578 876 1624 ilaec
894 1580 946 1626 itte.
969 1582 1119 1638 interpretor
1141 1583 1233 1642 igilur:
1253 1584 1317 1638 „lpse

309 1652 348 1696 sui
370 1656 479 1706 tenorem
497 1649 605 1706 pervium
625 1663 669 1706 per
685 1650 778 1693 caetum
804 1653 896 1694 terrem
918 1664 985 1698 mere
1004 1653 1090 1698 imbuit
1111 1653 1203 1698 semine
1219 1654 1313 1712 genitali

310 1721 391 1765 omnin
408 1724 547 1776 penetrante
564 1735 607 1775 ec,
637 1720 711 1764 veluti
730 1719 826 1764 tremite
843 1719 921 1776 fecto,
952 1723 971 1767 i.
992 1737 1015 1769 e.
1035 1723 1100 1768 incili
1118 1736 1195 1777 opera
1222 1738 1316 1780 pereur-

308 1795 395 1844 rente,
415 1791 476 1836 unde
493 1789 571 1834 omnis
588 1804 741 1847 quaecuuque
761 1789 850 1845 vivunt,
870 1793 900 1836 sd
918 1797 998 1838 ortum
1015 1792 1184 1850 perveniunt.’'
1220 1795 1315 1838 Schulze

308 1866 393 1908 contre
410 1874 449 1905 vv.
468 1860 589 1905 seminali
605 1861 705 1904 tremite
723 1859 813 1904 imbuit
830 1861 866 1906 sic
884 1863 1002 1917 explicet:
1033 1859 1193 1920 „assuefecit
1207 1878 1249 1910 res
1268 1865 1315 1908 vise

307 1931 459 1990 genitureel’
494 1929 587 1974 imbuit
594 1935 673 1975 temen
687 1930 765 1990 iungis
776 1931 877 1986 proprio
889 1931 1024 1992 significatu
1039 1934 1206 1989 accipientum
1217 1935 1315 1988 videtur,

307 2002 420 2056 aspersit,
432 2000 567 2046 madefecit.
578 2001 664 2046 Potest
673 2013 726 2046 esse
737 2001 809 2045 etiem
818 2005 911 2059 tempus
917 2017 1043 2059 praesens,
1057 2005 1102 2049 etsi
1112 2004 1190 2048 iussit
1201 2003 1314 2063 (soristns

306 2072 387 2128 polius
398 2085 467 2129 quom
477 2071 617 2127 perfectum)
625 2071 779 2129 subsequitur·
788 2082 795 2127 3
805 2076 829 2115 et
838 2073 883 2117 hoc
892 2074 988 2131 quidem
997 2074 1118 2130 praefero,
1127 2079 1153 2117 nt
1162 2075 1195 2118 sit
1204 2087 1314 2130 praesens

306 2147 408 2197 tempus.
428 2139 483 2198 (69)
499 2139 616 2201 Penates]
629 2156 682 2186 enin
693 2143 782 2187 Sened.
792 2174 800 2202 ,
817 2143 949 2188 Bouhierio
959 2175 966 2198 ,
987 2144 1062 2189 Gesn.
1073 2144 1228 2190 νει-11111110
1240 2146 1314 2190 iudico
1388 2169 1389 2180 ,

287 2212 385 2256 ·Rivini
411 2213 501 2268 suspie.
538 2211 600 2258 Nem
619 2217 648 2258 el.
663 2225 705 2268 per
727 2226 753 2257 se
772 2218 873 2271 nepotes
890 2215 928 2258 vel
946 2215 970 2260 in
986 2215 1032 2260 hoc
1052 2217 1124 2270 pot‘tn
1143 2220 1234 2259 netum
1250 2221 1311 2260 unte·

306 2283 393 2327 cedere
415 2297 462 2328 non
480 2283 614 2340 debebant;
635 2288 659 2327 et
679 2283 742 2326 solet
759 2283 880 2339 corrumpi
899 2283 929 2328 ab
948 2285 1068 2342 imperitis
1087 2284 1175 2329 scribis
1194 2299 1219 2330 1.
1239 2285 1313 2330 Pene-
1388 2287 1389 2322 1

305 2358 343 2398 les
367 2353 440 2398 veluti
465 2354 489 2398 in
515 2353 593 2398 Teciti
619 2351 691 2398 Dici.
714 2352 744 2397 de
770 2352 853 2398 Oralt.
879 2353 938 2410 Cup.
960 2351 985 2399 8.
1010 2369 1067 2400 vere
1084 2355 1156 2400 lectio
1180 2356 1311 2416 angustiae

300 2429 422 2481 penatum
441 2424 529 2468 mirum
547 2424 570 2468 in
590 2424 688 2468 modum
706 2429 789 2468 vexate
808 2429 845 2470 est
862 2417 902 2485 (a.
919 2429 1045 2486 ereptam,
1075 2439 1101 2468 a.
1117 2431 1271 2482 parentam,
1291 2439 1311 2468 e.

305 2495 401 2548 rerum)
425 2499 450 2538 et
472 2494 623 2549 corruptelae
641 2494 769 2551 vestigium
787 2498 866 2540 exstat
882 2493 906 2538 in
925 2494 986 2539 Cod.
1006 2496 1092 2540 pinu:
1114 2519 1146 2528 -
1165 2509 1212 2539 nec
1230 2501 1309 2554 potes.

304 2564 360 2620 (72)
378 2561 522 2622 Romuleas]
542 2565 670 2619 penultima
689 2565 774 2622 longa,
794 2578 850 2610 sene
869 2565 920 2609 sine
939 2567 1065 2622 exempto;
1084 2579 1127 2608 nec
1145 2566 1248 2620 probari
1266 2570 1312 2622 pol·

303 2641 340 2680 esl
360 2636 434 2691 Lipsii
451 2633 613 2690 Romuleees.
650 2636 741 2678 Verum
759 2635 830 2689 vidit,
851 2634 875 2678 ni
893 2636 964 2679 letter
982 2635 1076 2694 ,iiigler
1095 2648 1253 2691 proponens:
1272 2633 1313 2680 llo-

303 2706 432 2758 muleres,
460 2702 997 2760 10110110001000011100111111111.
1046 2702 1102 2763 (73)
1120 2703 1244 2765 Ramnes]
1262 2705 1310 2749 Sel·
1387 2736 1388 2764 ,

302 2789 366 2826 ipss.
402 2772 458 2831 (li)
476 2775 549 2820 ilecte
565 2773 663 2829 Lipsius
683 2775 741 2820 haee
760 2776 793 2820 ite
811 2775 962 2820 emendavit:
979 2789 1075 2834 proque
1090 2776 1164 2832 prole
1179 2771 1311 2833 posterum

302 2843 402 2890 Romuli
422 2851 536 2903 patrem,
565 2857 609 2898 pro
639 2845 761 2900 utriusque
785 2843 831 2890 Cd.
862 2846 981 2901 scripturn
1005 2851 1121 2889 matrem.
1158 2843 1263 2903 „Qnid?
1285 2859 1311 2888 sn
1387 2854 1388 2862 ¹

303 2929 333 2960 en
351 2917 440 2969 nuptiis
468 2914 613 2959 Sabinorum
632 2927 685 2957 curn
703 2914 818 2960 Romanis
838 2921 918 2960 create
933 2920 1011 2960 meter
1028 2915 1126 2960 Romuli
1140 2912 1173 2958 ?'’
1191 2916 1261 2973 Lips.
1284 2935 1310 2946 -

298 2999 349 3044 pro
370 2981 500 3042 posterum
521 2983 622 3029 Romuli
643 2985 725 3028 111111
736 2995 746 3028 .·
770 2991 846 3044 pater
860 2986 891 3030 D.
915 2985 1008 3041 lulius,
1033 2999 1111 3044 nepos
1128 2985 1160 3028 D.
1179 2985 1310 3046 Augustus.

303 3058 343 3102 Sic
368 3062 392 3100 et
420 3056 477 3102 stibi
501 3054 647 3101 Octavianus
674 3055 788 3100 Caesaris
815 3069 890 3111 nepos
917 3057 1060 3112 appelletur.
1097 3055 1201 3111 Eutrop.
1227 3055 1258 3110 1,
1290 3053 1310 3100 1.

282 3127 414 3185 vschulze.
440 3123 485 3184 (-
510 3125 601 3170 matris
623 3131 723 3169 crearer
748 3131 771 3168 te
798 3131 910 3184 nepotem
933 3121 1084 3182 Caesarem
1111 3121 1211 3180 Moeb.)
1249 3127 1308 3183 Quo.

302 3197 374 3242 ruodo
399 3201 494 3250 eutem,
522 3196 630 3251 inspecte
649 3195 761 3250 Lipsieun
786 3197 827 3240 ille
846 3196 1044 3256 interrogatione,
1064 3209 1140 3251 nuper
1159 3209 1254 3254 quoque
1273 3197 1311 3240 sle-

301 3267 366 3311 lendi
391 3267 498 3321 potuerit
527 3266 597 3312 lectio
622 3271 743 3318 matrem,
774 3267 883 3332 equitem
909 3280 955 3312 non
980 3267 1105 3324 intelligo:
1136 3279 1192 3310 nem
1221 3281 1265 3311 nec
1283 3267 1309 3309 de

299 3337 351 3380 lieu
370 3337 445 3381 Silvia
463 3349 522 3391 nec,
542 3337 604 3394 quod
624 3336 726 3381 Crusius
744 3337 834 3391 votuit,
863 3338 891 3382 de
910 3336 978 3381 Livia
996 3350 1017 3381 s.
1056 3337 1117 3380 11111
1134 3336 1243 3395 Anguste
1270 3349 1308 3380 ex-

300 3409 385 3463 plicari
404 3411 484 3464 potest
502 3421 524 3450 1.
544 3411 634 3450 mater.
684 3405 748 3450 Nihil
768 3407 865 3452 omnino
883 3407 1000 3464 impedit,
1025 3420 1072 3464 quo
1090 3407 1169 3450 minus
1189 3409 1261 3462 poe'te
1279 3405 1308 3448 D.
1386 3399 1387 3434 l

299 3479 388 3522 lulium
406 3481 430 3522 et
447 3478 477 3524 D.
498 3476 646 3536 Augustum,
666 3489 768 3535 quorum
783 3477 889 3522 fortasse
908 3477 980 3522 etism
999 3481 1054 3520 tnnc
1072 3478 1149 3522 cultus
1167 3479 1230 3521 inter
1248 3473 1309 3520 XX.

299 3549 375 3593 111101
393 3548 506 3607 vigebat,
535 3553 600 3592 certe
619 3548 724 3591 nondum
742 3547 766 3591 in
785 3547 931 3592 oblivionem
948 3547 1058 3600 obierat,
1084 3551 1205 3605 tamquam
1222 3543 1309 3602 Populi
1386 3570 1387 3578 ,

298 3620 402 3665 ltomsni
420 3619 511 3664 Genios
530 3618 646 3670 tutelares
664 3609 703 3660 liic
721 3616 871 3676 significarit.
921 3611 982 3678 (78)
1000 3616 1062 3660 Cum
1079 3617 1198 3670 Pithoeo,
1228 3616 1310 3661 Schul-

299 3689 354 3744 zio,
374 3691 406 3734 V.
426 3689 456 3733 D.
476 3689 500 3732 in
519 3688 590 3732 Auel.
616 3685 700 3732 Wotfit
719 3687 832 3736 distinxi:
865 3685 956 3742 Hunc,
976 3700 1040 3747 ager
1059 3700 1134 3746 quum
1148 3686 1308 3744 parturiret,

299 3761 357 3817 ipsa
370 3771 380 3803 .·
398 3751 507 3822 κλῑμαξ
525 3760 589 3803 euim
606 3758 738 3816 requiritur
756 3759 780 3803 in
799 3757 967 3817 sequentibus,
987 3771 1034 3802 non
1052 3749 1217 3806 ἀντίθετον.
1253 3757 1308 3802 Ple-

298 3831 368 3888 rique
387 3843 441 3874 eum
458 3829 557 3884 Lipsio:
577 3827 650 3874 Hunc
666 3841 744 3889 ager,
765 3840 840 3888 quum
853 3828 998 3886 parturiret
1014 3827 1086 3885 ipsa,
1106 3827 1219 3884 suscepit
1239 3827 1306 3870 sinu.

300 3899 390 3960 „Ager
409 3914 483 3960 quum
497 3901 642 3959 parturiret
659 3901 722 3944 idem
741 3905 779 3945 est
796 3914 824 3943 nc
841 3913 934 3954 „verno
947 3903 1054 3953 tempore
1062 3897 1085 3950 '',
1105 3901 1129 3942 el
1144 3897 1207 3942 sinu
1223 3908 1306 3942 susce·

298 3972 337 4028 pit
365 3971 489 4026 aptissime
513 3971 560 4016 dici
587 3975 668 4025 polest
690 3971 718 4016 tte
744 3973 817 4014 11010
842 3969 904 4016 nutis
928 3969 1031 4024 liberis,
1062 3967 1101 4025 qui
1127 3969 1179 4014 sinu
1199 3967 1307 4012 foventur

299 4046 369 4105 etque
388 4042 509 4089 aluntur-3³
546 4040 656 4088 schulze·
695 4031 749 4095 (111)
769 4040 900 4098 explicant
917 4037 996 4100 tauri]
1021 4041 1123 4086 Selinus.
1161 4037 1235 4095 (Mire
1255 4047 1306 4084 cor·
