2788 4772
77 509 212 574 Librum
233 508 374 572 exarabo
397 499 523 568 tertium
546 497 670 582 Aesopi
691 497 784 574 stilo,

77 611 206 677 Honori
227 622 258 674 et
278 609 399 674 meritis
422 607 570 670 dedicans
591 603 678 666 illum
699 601 776 665 tuis.

77 713 177 793 Quem
201 711 229 776 si
250 713 357 796 leges,
382 710 545 781 laetabor3
567 704 617 768 sin
639 717 744 769 autem
766 703 887 782 minus,

76 817 248 879 Habebunt
270 825 376 890 certe,
402 831 467 895 quo
490 830 524 872 se
547 807 709 872 oblectent
730 806 866 889 posteri.

116 920 234 992 Nunc,
257 918 435 981 fabularum
458 925 516 976 cur
538 913 578 975 sit
601 911 762 975 inventum
789 932 909 994 genus,

77 1022 174 1085 Brevi
196 1025 336 1085 docebo.
382 1018 526 1082 Servitus
549 1015 707 1088 obnoxia,

79 1124 158 1206 Quia
178 1146 263 1208 quae
286 1124 414 1188 volebat
437 1143 500 1184 non
523 1124 658 1184 surdebat
681 1119 806 1192 dicere,

78 1229 221 1291 Affectus
244 1227 396 1310 proprios
418 1225 448 1288 in
466 1223 600 1286 fabellas
624 1222 785 1286 transtulit

80 1329 339 1414 Calumniamque
361 1327 443 1391 lictis
466 1326 559 1390 elusit
579 1325 672 1390 iocis.

77 1434 164 1500 Illius
187 1455 290 1517 porro
313 1452 376 1515 ego
399 1430 507 1494 semita
528 1429 593 1492 feei
615 1428 718 1503 viam,

79 1538 121 1600 Et
141 1535 285 1622 cogitavi
305 1537 398 1618 plura
422 1555 514 1616 quam
537 1533 729 1616 reliquerat,

78 1639 115 1702 In
136 1639 345 1722 calamitatem
368 1637 510 1721 deligens
533 1637 688 1720 quaedam
713 1655 827 1702 meam.

80 1741 173 1822 Quod
194 1743 222 1806 si
244 1753 411 1806 accusator
434 1738 511 1802 alius
536 1739 652 1804 Seiano
675 1738 780 1813 lorct,

81 1844 111 1908 Si
132 1846 220 1910 testis
243 1844 340 1920 alius,
363 1843 461 1908 iudex
483 1841 560 1906 alius
584 1841 738 1926 denique,

78 1948 217 2034 Dignum
238 1949 360 2012 faterer
381 1967 449 2010 esse
472 1966 521 2008 me
544 1945 637 2008 tantis
662 1945 772 2022 malis,

80 2051 146 2116 Nec
166 2053 216 2115 his
239 2052 384 2116 dolorem
398 2047 578 2122 delenirem
599 2047 763 2110 remediis.

82 2153 266 2238 Suspicione
288 2153 315 2217 si
336 2151 406 2238 quis
430 2150 550 2215 errabit
572 2172 641 2220 sua
679 2205 682 2222 ,
1039 2153 1079 2215 45

81 2257 122 2319 Et
143 2258 244 2341 rapiet
266 2260 304 2320 ad
326 2278 380 2332 se,
407 2257 493 2338 quod
515 2252 575 2317 erit
596 2274 763 2316 commune
787 2253 944 2328 omnium,
1154 2233 1157 2247 ¹

83 2360 180 2425 Stulte
201 2360 333 2425 nudabit
355 2358 448 2422 animi
470 2355 706 2421 conscientiam

82 2462 162 2526 Huic
184 2474 370 2528 excusatum
392 2482 441 2524 me
464 2459 558 2523 velim
580 2457 804 2522 nihilominus:

82 2567 187 2658 Neque
208 2565 292 2630 enim
313 2575 427 2628 notare
450 2562 593 2647 singulos
616 2583 703 2624 mens
723 2571 774 2624 est
796 2561 888 2640 mihi,

82 2665 198 2733 Verum
221 2669 323 2753 ipsam
346 2666 441 2732 vitam
463 2676 495 2728 ct
517 2685 622 2730 mores
644 2665 807 2728 hominum
830 2667 1010 2730 ostendere.
1039 2667 1080 2730 50
1169 2747 1173 2754 Ι

81 2905 149 2968 ioris]
169 2924 194 2966 p.
213 2911 240 2956 S.
261 2906 352 2972 -flet
371 2907 454 2952 scelus
474 2905 494 2951 it
510 2905 574 2951 locis
590 2905 621 2950 P.
639 2904 670 2950 tt.
692 2905 795 2950 testibus
819 2907 937 2966 Bongars.
960 2909 1030 2952 Vinc.
1058 2912 1082 2952 et

82 2975 149 3036 Berg.
167 3004 200 3014 -
211 2979 278 3026 Pith.
295 2979 320 3023 in
338 2980 399 3024 Var.
417 2977 494 3022 Leott.
506 2988 512 3022 :
525 2975 668 3039 fietscelns
685 2974 804 3029 etlocis.)
815 2975 889 3037 fictis
909 3008 1029 3025 .....
1050 2977 1080 3022 ll.

83 3045 244 3106 ‚,Corruptum
262 3049 324 3093 hunc
351 3050 430 3093 locum
448 3047 612 3092 emendatione
634 3047 790 3104 sagacissima
809 3048 988 3105 scripturaeque
1012 3061 1082 3105 quam

82 3119 186 3167 proxima
209 3119 319 3165 restituit
337 3118 463 3163 Pithoeus.
509 3117 577 3173 Quod
603 3117 631 3160 de
655 3117 775 3170 scriptura
804 3117 894 3160 codicis
923 3117 1035 3161 Heinsius
1054 3132 1082 3162 ac

84 3181 205 3234 Neveletus
231 3193 358 3242 asserunt,
389 3187 447 3231 nihil
473 3191 517 3230 est.
556 3185 647 3230 Contra
667 3185 758 3232 Gudins
787 3186 826 3242 qui
846 3187 952 3231 seclusit
969 3187 1032 3230 locis
1055 3201 1081 3232 se

84 3252 166 3310 legisse
190 3263 305 3313 testatur,
333 3258 427 3302 videtur
452 3261 493 3300 aut
513 3257 591 3311 ipsum
609 3256 716 3300 codicem
740 3259 781 3299 aut
799 3255 894 3301 Pithoei
919 3257 1082 3315 apographum

84 3328 234 3384 cognovisse,
254 3341 327 3386 quum
345 3328 369 3371 in
389 3327 449 3371 Cod.
464 3340 511 3370 uno
527 3330 610 3371 tenore
627 3329 739 3369 exaratae
756 3325 803 3369 sint
822 3339 911 3380 voces,
931 3327 1082 3372 etPithoeus

85 3391 106 3435 ln
127 3400 262 3457 apographo
281 3397 367 3443 Codici
383 3389 568 3441 Rdsenboniano
590 3393 697 3451 praefixo
715 3396 818 3450 primum
841 3399 978 3452 corruptam
998 3398 1082 3441 lectio-

85 3473 134 3507 uetn
152 3469 289 3524 scripserit,
320 3481 391 3526 quam
408 3466 491 3511 deinde
513 3467 613 3510 induxit.
650 3465 686 3510 De
705 3458 768 3509 iocis
788 3470 867 3509 antem
891 3467 928 3511 vel
947 3467 1010 3510 locis
1035 3467 1082 3508 iam

52 3537 55 3541 '
85 3536 147 3578 autea
165 3539 266 3582 diximus
292 3539 386 3582 litteras
402 3537 412 3580 l
430 3541 453 3581 et
474 3535 484 3578 i
503 3536 572 3580 initio
595 3547 681 3583 uocum
702 3536 787 3579 eodem
807 3549 907 3591 prorsus
929 3538 1000 3580 modo
1029 3548 1082 3580 esse

86 3604 205 3676 periples?
231 3609 308 3655 Bene.
358 3603 413 3664 (38)
431 3605 505 3649 lilius
525 3617 604 3662 porro
623 3618 671 3664 ego
694 3602 794 3664 semita]
814 3606 854 3650 Sic
872 3605 902 3650 ll.
928 3610 988 3650 teste
1008 3605 1078 3648 Viuc.

84 3681 101 3711 ¹·
119 3686 140 3716 e.
159 3690 192 3719 ex
210 3677 282 3722 iliius
298 3677 388 3721 semita
406 3681 454 3721 eet.
491 3674 541 3720 Nec
562 3688 659 3719 necesse
689 3680 726 3718 est
747 3679 772 3718 ut
790 3677 896 3734 legamus
918 3689 972 3719 cnm
990 3675 1078 3719 Schell.

85 3743 108 3782 el
123 3743 218 3792 Burin:
250 3741 308 3807 Ego
332 3759 411 3804 porro
435 3745 506 3790 illins
534 3744 658 3790 seruitum.
679 3768 712 3778 ·-
731 3741 787 3804 Ego
805 3746 877 3789 illius
895 3757 976 3802 porro
993 3745 1082 3788 aernitu

85 3805 112 3851 Ρ·
130 3825 153 3866 p·
172 3839 204 3850 -
222 3815 278 3878 Ego
295 3815 367 3860 illius
386 3829 436 3873 pro
457 3814 547 3859 semita
566 3813 627 3858 Gud.
645 3815 672 3859 S.
691 3814 765 3870 (Gud.
788 3814 845 3859 dicit
864 3815 888 3859 in
910 3814 955 3874 Cd.
979 3827 1032 3859 esse
1047 3829 1082 3872 po

86 3889 134 3923 eum
154 3884 255 3946 lincole;
283 3887 343 3930 unde
367 3887 465 3932 Richter
491 3890 514 3930 et
542 3886 589 3929 lac.
618 3884 727 3929 Gronov.
758 3883 871 3929 volebant
892 3890 951 3942 post
971 3880 1082 3939 semitd.)

87 3942 135 4004 (tt)
152 3950 220 4012 Quod
237 3955 272 4017 si]
291 3970 315 4012 p.
330 3957 358 4002 S.
377 3953 491 4016 -Quod
504 3955 538 3999 sit
558 3955 588 3998 P.
626 3951 681 4008 (tlt
698 3951 845 4014 delenirem]
858 3955 936 4000 Beull.
951 3955 1033 4000 Bur-ur.
1054 3956 1080 3999 S.

84 4022 117 4060 '=
144 4020 273 4074 delinirem
298 4027 329 4074 P.
354 4040 379 4084 p.
426 4021 481 4083 (ts)
512 4049 545 4060 -
569 4017 728 4084 suspiciones
752 4024 810 4084 quis
827 4037 852 4084 g.
873 4049 905 4062 -
923 4026 1080 4086 suspectione
