2788 4772
324 537 431 604 Hodie
452 535 605 612 invitare,
630 553 766 619 quorum
785 552 819 595 es
840 529 872 594 in
890 551 1023 596 numero
1045 529 1132 594 mihi.

323 642 502 706 Fraudatus
524 636 668 723 quamvis
690 647 723 700 et
744 633 853 700 dolens
875 633 1008 712 iniuria,

323 745 375 808 Ne
397 743 476 806 male
497 739 651 803 dimissam
675 736 806 822 gratiam
828 745 1070 818 corrumperet,

322 843 489 910 Promisit.
533 841 639 905 Rediit
659 842 740 904 hora
762 838 864 914 dicta,
891 839 1049 901 recubuit.
1081 909 1085 920 ,

324 947 516 1030 Splendebat
537 943 639 1006 hilare
660 941 784 1025 poculis
806 940 1009 1014 convivium3

324 1049 449 1132 Magno
470 1057 623 1128 apparatu
645 1045 727 1107 laeta
747 1044 918 1106 resonabat
939 1045 1067 1118 domus,

323 1151 469 1230 Repente
489 1151 555 1238 ¹titio
578 1168 673 1231 quum
696 1143 825 1208 iuvenes
848 1143 950 1226 sparsi
970 1143 1123 1226 pulvere,

325 1255 450 1316 Sudore
473 1251 570 1312 multo
593 1247 794 1324 diffluentes,
815 1267 955 1328 corpore

324 1356 501 1418 Humanam
524 1372 618 1432 snpra
641 1350 794 1424 sormam,
819 1346 1094 1428 cuidam-servulo

324 1457 498 1529 Mandant,
522 1465 556 1515 ut
579 1454 617 1514 nd
638 1473 673 1514 se
694 1462 852 1534 provocet
876 1449 1085 1530 Simonidem
1283 1446 1321 1509 25

322 1557 412 1620 lllius
435 1555 606 1630 interesse,
632 1574 670 1615 ne
692 1553 786 1616 iaciat
807 1572 941 1614 moram.

323 1660 432 1721 Homo
454 1658 658 1738 perturbatus
681 1654 799 1717 excitat
822 1653 1027 1718 Simonidem.

319 1762 426 1824 Untim
448 1770 616 1840 promorat
638 1756 693 1819 vix
715 1758 827 1838 pedem
850 1755 999 1830 triclinio,

322 1860 427 1926 Ruina
449 1880 591 1922 camarae
613 1847 727 1921 subito
742 1859 902 1940 oppressit
923 1868 1068 1933 ceteros;

323 1965 393 2026 Nec
415 1962 469 2024 ulli
490 1961 621 2023 invenes
646 1971 717 2022 sunt
737 1960 855 2041 reperti
877 1961 916 2022 ad
937 1959 1072 2023 inuitam.
1283 1962 1322 2024 30

323 2067 368 2130 Ut
391 2075 439 2127 est
460 2063 610 2147 vulgatus
632 2063 713 2126 ordo
735 2074 879 2125 narratae
901 2064 969 2139 rei,

322 2303 407 2356 tacite,
427 2302 494 2360 quasi
509 2301 566 2346 baec
582 2306 646 2346 esset
666 2301 740 2357 ipsius
760 2301 804 2345 Cd.
822 2300 851 2345 Ρ.
872 2299 952 2345 lectio.
975 2321 1007 2337 -
1020 2298 1108 2358 poitur
1133 2301 1199 2355 (mor
1215 2300 1239 2344 ia
1260 2303 1318 2355 eat),

320 2371 424 2416 licentio
442 2372 560 2429 Bongars.
597 2369 638 2429 (9)
656 2395 689 2404 -
707 2369 789 2415 Laude
806 2370 836 2414 P.
855 2369 886 2413 11.
931 2365 988 2421 (101
1005 2393 1038 2404 -
1056 2368 1177 2415 Aeetam
1192 2376 1269 2428 optas
1291 2373 1319 2424 (i.

312 2443 344 2489 ὀ.
363 2446 418 2498 apte
434 2446 459 2484 ut
476 2441 600 2496 proposuit
620 2441 703 2484 llurm.
725 2442 749 2484 in
774 2441 817 2484 bec
835 2435 903 2489 lect.)
922 2438 1015 2484 cimilia
1034 2437 1065 2484 N.
1101 2438 1158 2496 (11)
1176 2463 1209 2474 -
1225 2439 1320 2498 adpro-

322 2509 389 2556 batn
402 2510 430 2556 11.
451 2508 488 2567 (et
503 2508 533 2553 P.
554 2523 568 2552 a
586 2522 624 2564 pr.
643 2512 691 2564 m.)
726 2506 783 2567 (12)
801 2507 933 2562 relicuom]
957 2509 1073 2567 Bongars.
1095 2519 1127 2551 =
1146 2509 1271 2567 reliquum
1290 2511 1319 2554 Ρ.

321 2579 351 2624 11.
373 2593 396 2634 p.
424 2599 458 2615 -
484 2577 604 2622 relicuum
632 2580 682 2622 sive
712 2579 833 2636 reliquum
855 2576 893 2622 N.
919 2573 1008 2637 (Gud.)
1031 2580 1057 2622 S.
1081 2578 1160 2621 ruimus
1186 2579 1319 2631 concinne,

321 2662 393 2706 quum
411 2651 540 2704 sequatur:
560 2646 633 2692 duas.
679 2640 722 2692 llio
737 2661 793 2692 sane
812 2646 872 2691 Cdd.
892 2647 1103 2702 obtemperandum
1121 2649 1180 2702 erit,
1200 2661 1274 2705 quum
1292 2661 1321 2692 ex

320 2717 447 2761 Latinitate
459 2717 517 2760 mibi
535 2716 620 2760 saltem
635 2721 773 2772 perspecta,
792 2716 868 2760 tribus
881 2716 987 2770 partibus
1006 2716 1075 2760 factis
1094 2713 1185 2774 unique
1200 2719 1320 2772 seposita,

321 2800 390 2830 ornne
410 2786 432 2828 id
445 2787 506 2842 quod
521 2789 596 2829 restat
613 2785 710 2844 reliquo
729 2797 792 2842 pura
816 2789 878 2829 recte
892 2787 936 2830 diei
956 2789 1047 2841 potest,
1068 2785 1173 2842 quamvis
1187 2790 1272 2830 nostra
1291 2800 1321 2831 ex
1375 2785 1376 2796 ¹

321 2859 388 2910 parte
400 2851 464 2898 duae
482 2855 530 2898 sint
550 2859 644 2908 partes,
664 2855 764 2912 ideoque
780 2855 875 2910 proprie
893 2856 1015 2914 reliquum
1033 2857 1109 2913 tnagis
1130 2869 1200 2912 quam
1220 2855 1321 2914 reliqua

317 2937 393 2982 para.
429 2919 486 2980 (13)
508 2922 593 2968 laudis
615 2921 689 2982 dune]
708 2925 795 2968 Sobell.
815 2923 876 2968 Gud.
896 2926 973 2969 Bentl.
994 2926 1076 2968 Burin.
1096 2948 1129 2957 -
1146 2923 1233 2968 lauder
1251 2923 1320 2968 dasne

320 2995 350 3040 Ρ.
370 2993 399 3036 11.
420 3005 449 3048 p.‚
461 2994 488 3037 S.
523 2993 616 3048 Duplex
633 2993 764 3051 genitivus,
786 2997 810 3036 ul
829 2991 869 3046 tr,
889 2995 981 3049 decepit
998 2999 1021 3038 et
1039 2993 1151 3038 librarios
1170 2999 1194 3038 et
1208 2993 1318 3039 criticos.

324 3085 352 3096 -
370 3067 457 3120 portae
477 3060 540 3106 dune
565 3061 596 3106 N.
615 3075 644 3106 ex
671 3063 785 3118 interpol.
834 3059 889 3120 (11)
909 3068 978 3107 utne
997 3063 1060 3106 irate
1078 3068 1100 3106 te
1121 3059 1265 3120 dimissum]
1287 3064 1317 3108 Ρ.

321 3131 378 3186 (nisi
396 3131 472 3188 quod:
500 3129 649 3185 demissum)
667 3131 696 3176 11.
719 3132 797 3176 Beull.
823 3155 855 3165 -
882 3137 909 3176 ot
926 3145 956 3175 ne
983 3131 1047 3175 irate
1065 3131 1198 3176 dimiserim
1215 3145 1264 3176 orn.
1297 3139 1319 3176 te

321 3199 383 3259 (ear.
403 3201 512 3259 typogr.)
530 3214 555 3256 p.
592 3199 668 3246 ilinc:
701 3207 726 3245 ot
747 3214 777 3244 ns
804 3199 868 3244 trote
889 3201 1020 3245 dimissum
1039 3205 1061 3244 tc
1079 3201 1133 3259 liig.
1153 3202 1179 3246 S.
1199 3201 1262 3245 Zell.
1284 3221 1320 3234 -

322 3275 348 3314 ut
361 3269 417 3313 eina
432 3269 473 3312 iro
487 3275 510 3313 te
529 3268 662 3314 domanam
680 3271 753 3325 ineo:
779 3274 805 3313 ut
827 3271 883 3314 sine
900 3271 964 3314 irate
986 3269 1119 3314 dimissum
1134 3269 1168 3323 ts)
1187 3271 1217 3315 N.
1237 3293 1272 3304 -·
1293 3276 1319 3314 ut

320 3352 350 3382 ne
368 3339 461 3382 tratum
481 3339 581 3384 ieelim.
601 3339 719 3398 bongars.
735 3339 851 3384 liittersb.
887 3340 971 3395 (thium
989 3337 1110 3397 sentiunt]
1123 3341 1176 3384 scil.
1193 3340 1317 3398 convivae,

321 3410 357 3453 vei
375 3407 528 3464 simpliciter,
554 3409 672 3459 homines,
699 3407 730 3453 N.
750 3433 783 3443 -
800 3407 917 3464 sentium]
938 3409 967 3454 Ρ.
992 3409 1022 3454 11.
1048 3422 1071 3464 p.
1097 3410 1122 3453 S.
1148 3409 1191 3466 (-
1210 3423 1319 3452 censens

321 3478 403 3524 lleins.
424 3475 516 3532 Bentl.)
552 3477 606 3533 (15)
624 3501 656 3512 -
674 3476 713 3523 Au
726 3491 749 3524 r.
769 3491 864 3522 mecum
884 3479 941 3523 oeni
951 3478 981 3523 N.
1005 3491 1034 3522 ex
1051 3479 1163 3534 interpol.
1201 3475 1258 3536 (tt)
1278 3478 1317 3522 di-

321 3542 437 3603 me'aeum]
462 3545 491 3590 Ρ.
514 3546 544 3591 11.
566 3545 596 3591 N.
616 3560 639 3602 p.
660 3548 677 3592 i.
697 3561 719 3594 e.
739 3562 768 3593 ne
789 3548 812 3594 in
830 3553 936 3604 apertam
956 3548 1098 3592 simultatem
1123 3547 1239 3592 incideret
1259 3562 1317 3592 cum

322 3617 399 3673 Scopa
417 3629 556 3674 ornnetnqne
578 3616 628 3660 eius
649 3618 760 3672 perderet
777 3619 895 3676 gratiam,
915 3615 1055 3674 quamquam
1073 3623 1121 3660 tam
1138 3619 1199 3661 male
1224 3617 1317 3662 exbibi-

321 3691 369 3729 lein
381 3698 408 3729 ac
426 3685 526 3729 relatam
544 3685 567 3728 in
585 3697 611 3729 se
624 3686 775 3741 dimittendo,
795 3685 824 3745 (i.
841 3700 863 3730 e.
883 3691 952 3740 tunc,
973 3699 1043 3743 quum
1063 3687 1154 3741 Scopas
1167 3686 1315 3731 Simonidem

321 3754 471 3808 dimitteret.)
496 3777 516 3787 -
545 3753 665 3800 dimicans
687 3756 749 3801 Gud.
778 3755 860 3799 lleins.
882 3755 907 3800 S.
932 3760 1015 3800 contra
1035 3759 1125 3800 rectam
1149 3754 1313 3800 Latinitatem.

320 3822 377 3879 (11)
394 3841 428 3860 -
446 3821 512 3867 redit
534 3821 564 3868 N.
584 3824 668 3868 tribuit
683 3825 765 3870 Borm.
782 3824 898 3870 laureti:
918 3823 1002 3874 rediit.
1039 3819 1096 3882 (20)
1115 3847 1147 3858 —
1162 3825 1263 3882 populis
1283 3825 1313 3870 N.

322 3889 375 3948 (21)
394 3916 427 3926 -
444 3906 491 3936 oin.
514 3893 574 3937 buuc
595 3907 618 3938 v.
637 3893 669 3939 N.
717 3891 772 3951 (22)
789 3891 893 3952 Repente
911 3891 960 3938 duo
976 3891 1059 3954 prtum]
1079 3892 1108 3937 N.
1131 3893 1209 3938 lleutl.
1228 3895 1314 3938 burm.

323 3985 356 3995 -
373 3959 478 4018 Repente
496 3975 568 4020 qnutn
584 3962 632 4007 duo
644 3965 674 4008 P.
689 3963 718 4008 11.
738 3977 761 4020 p.
782 3963 830 4017 (·-
841 3961 899 4022 liep.
917 3963 1016 4009 iuvenes
1034 3975 1108 4022 quum
1117 3962 1165 4012 duo
1180 3963 1314 4022 Bongars.)

322 4051 355 4066 ··-
372 4029 430 4076 Duo
455 4045 529 4089 quum
551 4038 650 4092 repente
676 4033 720 4086 S.,
748 4033 814 4090 qnasi
833 4047 861 4078 ex
886 4033 916 4082 N.
939 4037 1049 4090 deeeptus
1075 4034 1189 4078 varietate
1210 4033 1311 4077 burim:
