2788 4772
51 499 141 563 Iove
165 497 367 578 adtributum
388 507 450 561 est.
495 498 587 582 Ergo
611 517 668 560 uec
682 495 784 560 rumis
806 495 863 560 tibi

50 604 128 668 Nec
151 602 214 663 ulli
240 604 339 665 donas
362 599 552 686 quicquam?
575 600 628 664 Sic
650 600 722 664 iotis
744 599 861 682 placet.

48 705 145 769 Nolo
170 705 349 782 irascaris,
374 705 474 767 libere
497 706 524 768 si
546 705 679 766 dixeroz

46 789 109 870 lits
136 819 191 870 est
215 807 307 870 iratis
330 819 439 883 natus,
464 805 522 891 qui
543 819 590 868 est
613 805 721 868 similis
745 805 814 868 tibi.
1034 807 1074 868 {5

89 911 267 974 Abiturus
289 910 385 984 illuc,
412 932 477 995 quo
500 911 628 991 priores
650 909 816 984 abierunt,
1010 907 1012 912 ’

48 1013 139 1093 Quid
164 1025 391 1080 montecucco
415 1013 563 1075 miserum
585 1023 719 1096 torques
742 1009 911 1092 spiritum?

51 1115 132 1178 Tibi
157 1116 259 1192 dico,
284 1137 399 1191 avare,
424 1117 571 1200 gaudium
595 1113 722 1176 heredis
744 1114 809 1189 tui,

52 1219 117 1298 Qui
142 1231 224 1280 ture
248 1239 405 1300 superos,
428 1217 529 1300 ipsum
553 1227 585 1278 te
605 1217 734 1279 fraudas
757 1216 848 1290 cibo;

52 1322 118 1400 Qui
143 1320 252 1383 tristis
275 1320 363 1386 cudis
385 1321 537 1384 musicum
560 1318 698 1382 citharae
720 1341 850 1394 souu1u3
1031 1321 1071 1382 90

52 1423 160 1503 Quem
187 1421 340 1487 tibiarum
364 1434 501 1484 macerat
526 1421 722 1497 iucunditas;

53 1526 289 1608 Opsoniorum
310 1525 412 1608 pretia
435 1525 488 1588 cui
510 1522 659 1608 gemitum
682 1524 885 1606 exprimunt;

54 1628 121 1708 Qui
145 1633 227 1692 dum
251 1631 440 1711 quadrantes
462 1647 600 1711 aggeras
622 1627 834 1708 patrimonio,

55 1729 195 1794 Caelum
220 1728 336 1814 fatigas
360 1729 491 1793 sordido
513 1729 675 1811 periuri03

55 1832 123 1912 Qui
145 1832 353 1897 circumcidis
376 1853 501 1897 omnem
522 1831 695 1915 impensam
716 1831 841 1909 funeri,
1029 1834 1069 1895 25

55 1935 203 1999 Libitina
228 1956 267 1998 ue
289 1934 364 2018 quid
386 1937 424 1998 de
446 1947 502 2000 tuo
524 1935 623 1998 saciat
643 1935 735 2000 lucri.

512 2156 617 2220 [uu]

433 2307 698 2372 PHAEDRUS.

101 2449 190 2529 Quid
214 2448 351 2512 iudicare
374 2449 495 2532 cogitet
517 2449 603 2512 livor
626 2451 741 2520 ruodo,

56 2551 152 2615 Licet
176 2552 371 2626 dissimulet,
395 2552 528 2632 pulchre
550 2563 652 2614 tamen
675 2549 840 2634 intellego.

57 2654 232 2739 Quicquid,
244 2652 369 2737 putabit
391 2675 460 2716 esse
483 2654 612 2736 dignum
636 2656 806 2729 memoria,

56 2757 181 2841 Aesopi
207 2756 306 2830 dicet;
330 2757 356 2819 si
378 2757 453 2838 quid
475 2757 574 2821 miuus
596 2757 765 2833 adriserit,

57 2859 87 2920 A
110 2881 161 2923 me
181 2861 356 2923 'contendet
378 2859 485 2922 lictum
508 2860 623 2943 quovis
644 2861 794 2944 pignore.

59 2960 163 3041 Quem
187 2963 267 3026 volo
289 2962 392 3026 refelli
414 2965 474 3026 iam
497 2985 580 3026 nuuc
602 2985 760 3045 responso
783 2987 874 3030 meo:

59 3178 89 3226 N.
108 3185 171 3229 teste
191 3183 259 3232 Iano.
278 3181 322 3240 (a
343 3185 374 3228 ob
395 3198 418 3229 s.
447 3184 477 3229 N.
507 3189 568 3229 teste
591 3184 731 3239 Dorviltio.)
750 3199 774 3241 p.
800 3187 826 3230 S.
847 3206 881 3220 ·-·
898 3183 944 3230 hoc
970 3200 1065 3231 commo

61 3262 108 3296 om.
129 3268 154 3298 α.
179 3254 209 3298 Ρ.
252 3253 299 3311 (De
321 3255 350 3312 N.
373 3269 420 3298 uon
444 3253 559 3309 constat.)
605 3251 663 3312 (15)
680 3253 742 3313 Du]
762 3257 790 3301 P.
811 3257 840 3299 fl.
864 3255 894 3299 N.
915 3278 948 3287 -
965 3256 1017 3302 dtte
1038 3271 1062 3313 p.

62 3320 87 3362 S·
124 3321 182 3381 (16)
202 3325 293 3368 Versus
313 3321 423 3369 16-26.
444 3325 571 3379 praeponit
588 3326 697 3369 versibus
717 3323 810 3370 1-15.
831 3325 862 3370 N.
900 3323 954 3382 (tt)
976 3339 1007 3370 =
1028 3329 1063 3370 io·

60 3391 175 3437 conditos
193 3394 223 3437 P.
244 3394 273 3438 R.
290 3394 320 3444 N.
340 3409 363 3450 p.
402 3391 455 3448 (22.
475 3393 652 3452 opsoniorum]
671 3395 701 3442 N.
725 3397 750 3439 S.
771 3417 803 3433 ›—
822 3395 979 3440 obsoniorum
992 3397 1022 3440 P.
1037 3411 1061 3454 p.

61 3455 104 3514 (·—
121 3464 233 3520 gemitur
256 3463 299 3518 N.)
328 3460 385 3519 (23)
403 3488 436 3497 -
455 3463 593 3522 quadrante
609 3478 705 3523 augeas
721 3466 878 3522 patrimonia
897 3466 927 3510 N.
953 3464 1005 3521 (25)
1016 3464 1062 3523 su-

59 3528 122 3589 ncti]
143 3532 175 3577 N.
209 3534 234 3576 S.
264 3551 298 3566 -
318 3530 426 3591 funeris
443 3535 473 3577 P.
497 3533 526 3576 R.
548 3549 571 3588 p.
621 3531 675 3588 (26t
695 3533 805 3582 Libitina
826 3533 867 3594 ne]
887 3535 918 3580 N.
938 3550 962 3590 p.
983 3538 1008 3578 S.
1031 3557 1061 3568 -

38 3593 127 3643 'Libet
148 3603 224 3646 inune
242 3601 271 3645 P.
296 3608 320 3647 et
333 3605 363 3648 R.
392 3604 462 3658 (teste
489 3603 589 3655 Gudio.)
609 3625 641 3634 -
660 3604 775 3648 Libettna
798 3620 829 3650 nc
851 3607 880 3649 tt.
907 3610 965 3650 teste
989 3606 1059 3650 Vinc.

61 3665 146 3724 (thid.)
165 3669 243 3732 lucri]
264 3671 293 3716 N.
313 3671 410 3716 firmans
433 3673 519 3728 Guyeti
539 3673 603 3718 coni.
622 3675 647 3718 S.
678 3697 711 3708 -·-
733 3677 832 3719 tucrum
851 3675 879 3718 P.
905 3675 935 3718 R.
959 3689 983 3730 p.
1002 3676 1062 3719 Post

61 3734 118 3782 huuc
138 3753 172 3853 ud
182 3741 212 3787 N.
233 3743 311 3788 addit:
331 3741 446 3787 Fudettoe
464 3750 567 3787 nostrae
581 3757 674 3800 purum
692 3745 721 3801 (i.
742 3759 764 3790 e.
782 3744 906 3802 paullum)
925 3757 1002 3789 cures
1017 3759 1059 3788 ac-

61 3817 153 3853 commo
172 3825 197 3854 u.

110 3878 170 3923 Fit.
192 3881 265 3926 xm.
302 3879 337 3938 (t)
355 3890 393 3927 ow
411 3880 462 3942 (tuo
480 3883 532 3930 iud.
549 3883 634 3928 Bothe.
653 3885 723 3938 prob.
742 3883 877 3928 Schwohio.
916 3883 1001 3937 (thid.)
1020 3898 1061 3928 co-

63 3943 132 4007 gitet]
156 3962 180 4004 p.
205 3953 229 3995 S.
239 3975 277 4000 ,-
289 3951 389 4012 cogitur
406 3952 436 3996 P.
455 3967 480 4012 g.
501 3954 543 4010 (-
560 3954 625 3998 libor
642 3954 672 3998 P.
695 3951 731 4012 g.)
767 3950 810 4011 (2)
830 3951 1011 3998 -dierimc'tst
1027 3955 1058 3999 P.

62 4009 100 4070 (3)
118 4020 249 4079 memoria]
267 4020 306 4085 ¹N.
334 4022 456 4080 Bergan.
473 4047 504 4058 -
523 4023 657 4084 momoriae
676 4023 803 4078 (memorie
830 4023 918 4078 Ρ.),Ρ.
939 4024 967 4070 R.
989 4039 1012 4079 ρ,
1033 4027 1058 4086 N.
