2768 4750
80 507 224 575 Avertit
245 507 361 573 mulos.
395 505 541 572 'Factum
563 523 677 570 rumor
698 501 849 588 dissipat3

15 669 16 674 ,
78 612 253 698 Arguitur
276 611 386 686 miles,
410 608 536 692 rapitur
556 608 589 672 in
612 609 824 692 praetorium.

82 719 172 780 Tum
199 717 357 798 Magnus,
383 714 468 794 Quid
499 712 597 788 †ais‚
622 724 785 788 timesne,
810 708 1001 785 commilito,
1045 747 1050 760 ·

80 819 241 902 Spoliare
265 841 298 882 es
321 816 441 881 ausus?
463 816 522 881 illc
546 817 700 880 continuo
723 826 869 879 exscreat

80 923 154 986 Sibi
178 924 216 986 in
238 921 398 985 sinistram
420 931 451 984 et
473 933 600 1003 sputum
623 918 731 1004 digitis
754 919 899 1002 dissipat.
1067 917 1108 977 10

81 1026 160 1100 Sic,
188 1026 388 1108 imperator,
413 1023 499 1088 oculi
522 1024 721 1087 extillescant
743 1023 823 1101 mei,

82 1131 120 1194 Si
145 1130 216 1194 vidi
239 1141 294 1192 aut
315 1127 423 1212 tetigi.
469 1129 552 1190 Tum
573 1127 625 1189 vir
648 1126 742 1190 animi
763 1124 916 1209 simplicis

82 1236 101 1298 I
119 1276 310 1297 .......
320 1253 337 1294 s
361 1251 597 1298 ‚as..o...
621 1230 761 1312 propelli
784 1231 891 1305 iubet,

84 1341 163 1402 Nec
183 1382 194 1400 .
214 1381 224 1400 .
248 1338 288 1398 de
312 1377 496 1399 .......
512 1355 565 1396 um
587 1334 689 1396 credit
711 1345 829 1396 tantam
854 1330 1030 1395 audaciam.

85 1483 307 1506 ........
330 1459 382 1501 ars
408 1435 635 1504 ....rcessit
657 1449 688 1499 et
710 1439 837 1512 †manu
859 1437 962 1500 fideus
1068 1435 1107 1499 15

86 1583 475 1614 ..............
493 1562 508 1602 s
529 1542 730 1622 provocabat
752 1542 929 1614 barbarus;

86 1691 98 1712 .
118 1692 128 1711 .
146 1645 185 1710 1ιὶ
203 1688 214 1709 .
233 1689 242 1708 .
261 1688 271 1707 .
288 1664 367 1728 sque
386 1642 515 1720 metuit,
539 1642 672 1726 †primi
693 1653 833 1706 mussant
855 1645 965 1708 duces.

87 1792 252 1815 ......
276 1735 424 1810 cinaedus
447 1745 577 1822 babitu,
602 1749 658 1810 sed
678 1747 774 1810 Mars
797 1747 941 1825 viribus,

87 1896 221 1918 .....
244 1854 403 1914 sedentem
425 1870 487 1933 pro
509 1849 660 1914 tribunali
682 1853 806 1925 ducem,

90 2001 128 2021 ..
155 1976 242 2021 voce
266 1953 378 2018 mollit
401 1952 520 2017 Licet?
542 1954 752 2029 †Eoimvero
775 1953 847 2020 eiici
869 1953 993 2030 virtsm,
1067 1955 1110 2018 20

89 2061 151 2125 U.
172 2103 182 2123 .
201 2081 221 2121 ιι
244 2079 280 2120 re
303 2057 405 2122 atroci
427 2057 568 2142 Magnus
590 2059 792 2122 stomachans
814 2058 965 2140 imperat.

90 2165 181 2226 Tum
204 2161 332 2246 qnidam
353 2158 462 2224 senior
483 2181 524 2224 ex
547 2160 655 2224 amicis
676 2160 851 2245 principis:

89 2268 195 2330 Hunc
218 2285 281 2348 ego
304 2263 458 2327 committi
480 2264 579 2328 satius
601 2265 766 2328 Fortunae
789 2264 952 2341 arbitror,

90 2370 131 2432 Ιιι
156 2390 226 2453 qtso
246 2368 368 2430 iactura
390 2366 469 2429 levis
493 2378 559 2442 est,
585 2389 678 2452 quam
699 2369 817 2432 lbrtem
840 2366 965 2446 virum,

92 2472 161 2553 Qui
186 2493 262 2534 casu
285 2469 387 2532 rioms
410 2470 595 2533 temeritatis
617 2483 648 2534 te
671 2481 798 2556 arguat.
1066 2473 1107 2535 25

91 2575 247 2638 Assensit
269 2574 412 2656 Magnus
434 2584 465 2636 et
487 2572 630 2656 permisit
652 2573 743 2636 militi

92 2677 238 2743 Prodire
260 2688 392 2751 contra,
417 2675 488 2760 qui,
513 2667 645 2740 mirante
667 2678 831 2755 exercitu,
863 2699 864 2704 ¹

92 2781 199 2845 Dicto
222 2781 357 2844 celerius
380 2778 499 2856 †hosti
522 2780 655 2844 abscidit
677 2793 772 2865 caput

94 2886 282 2967 Victorque
305 2884 398 2948 redit.
444 2883 504 2947 His
526 2894 593 2946 tum
615 2885 931 2974 Pompeius1supert

97 2986 237 3052 Corona
260 2985 399 3062 †militis
421 2986 566 3070 equidem
588 2999 621 3051 te
643 2991 729 3052 dono
752 2989 875 3066 libens,
1071 2991 1113 3055 30
1160 2977 1163 2981 ’

99 3092 202 3172 Quod
223 3090 389 3155 vindicasti
410 3090 536 3154 laudem
559 3093 699 3156 Romani
719 3091 862 3175 imperii3

99 3338 239 3403 Horrenda
259 3353 316 3387 soce
334 3341 356 3387 l.
399 3338 465 3401 (li).
493 3350 531 3389 ω
559 3340 615 3389 siet
631 3343 735 3404 quisque
754 3344 774 3388 i.
795 3343 825 3388 Z.
862 3339 949 3401 (ibid.)
969 3369 1003 3378 -
1021 3343 1114 3390 musei·

100 3417 157 3457 tent
171 3413 254 3470 primi
270 3413 373 3458 Doruill.
394 3413 425 3458 Z.
444 3421 483 3459 ω
500 3418 524 3457 et
534 3413 616 3470 pruni
632 3419 749 3458 mussent
767 3415 787 3459 1.
824 3408 889 3476 (18)
905 3425 944 3461 oo
962 3413 1075 3460 Tandem
1087 3430 1111 3460 c.

100 3481 132 3532 B.
151 3484 183 3528 Ζ.
203 3507 237 3516 -
256 3481 351 3528 Tamen
369 3483 425 3532 iae.
440 3483 460 3527 l.
473 3507 507 3516 -
522 3481 618 3528 Tamen
635 3499 660 3529 c.
676 3485 705 3528 C.
724 3480 785 3544 (19)
803 3482 863 3528 Adit
880 3497 903 3528 s.
924 3486 1008 3533 Burin.
1029 3486 1059 3529 Z.
1079 3509 1112 3520 -

101 3551 175 3597 Adiit
191 3566 214 3598 a.
236 3553 256 3597 Ι.
294 3550 349 3611 (20)
372 3563 411 3600 cuo
428 3557 452 3596 et
469 3565 529 3598 uoce
545 3554 565 3598 1.
586 3555 614 3600 Ζ.
659 3555 744 3610 (ibid.)
762 3564 800 3600 eto
816 3552 952 3600 Ene'uwero
970 3556 1111 3602 eiiciuers.

102 3618 147 3668 21.
186 3621 275 3668 Virum
293 3628 320 3667 ut
336 3625 364 3668 iu
382 3637 410 3666 re
427 3624 457 3668 Z.
484 3627 529 3676 (-
546 3621 612 3667 Eum
638 3637 696 3670 uero
713 3625 772 3670 eiics'
792 3622 822 3669 Ut
838 3626 865 3669 in
883 3639 911 3669 re
930 3623 965 3684 1.)
1001 3622 1057 3681 (28)
1075 3635 1114 3672 mo

101 3688 183 3738 hostis
202 3694 223 3738 Ι.
244 3694 274 3737 Ζ.
321 3690 377 3748 (29)
395 3702 434 3740 ω
451 3690 529 3738 rediit
546 3693 566 3738 Ι.
587 3694 617 3738 Ζ.
655 3691 712 3752 (30)
730 3705 769 3742 ω
786 3691 902 3750 Corona,
922 3697 1011 3749 miles,
1030 3710 1069 3754 eq.
1091 3697 1111 3740 l.

103 3760 133 3806 G.
154 3764 184 3808 Ζ.
222 3761 278 3819 (31)
295 3771 334 3809 00
351 3763 446 3822 imperi
461 3763 481 3808 1.
502 3764 532 3811 Ζ.
580 3760 639 3827 (33)
655 3775 695 3812 oo
713 3763 798 3824 Turpe
816 3763 881 3809 illud
898 3772 1028 3822 repetens,
1048 3763 1115 3824 quod

102 3830 224 3877 cinaedus
235 3829 339 3892 feceret
357 3833 386 3880 C.
411 3833 441 3878 Ζ.
464 3855 493 3866 -
516 3831 600 3891 Turpe
625 3834 690 3880 illud
704 3836 823 3891 imitans„
850 3836 873 3879 is
889 3833 954 3893 quod
970 3842 1028 3880 cute
1039 3833 1113 3894 sece-

102 3907 146 3945 rut
163 3902 182 3947 l.
201 3926 235 3937 -
255 3901 340 3961 Turpe
358 3901 423 3947 tttud
439 3903 544 3948 imitans
561 3910 637 3964 gestu
651 3903 717 3965 quod
730 3903 802 3950 ltomu
813 3900 917 3964 fecerat
934 3905 963 3950 Β.
985 3903 1039 3961 (di)
1052 3904 1112 3950 Ntu'

102 3975 131 4014 tu
148 3971 278 4018 abstulisti
300 3972 421 4018 eus-ciues
443 3968 519 4031 furto
541 3969 586 4033 (Β.
612 3974 642 4020 Ζ.
667 3985 706 4022 oo
722 3989 804 4032 nuper
821 3975 938 4027 Dos-vill.)
956 3990 1026 4021 'neue
1050 3978 1113 4020 Dor-

102 4040 155 4087 viu.
175 4043 203 4088 B.
223 4045 254 4088 Ζ.
274 4061 308 4080 -
325 4040 386 4090 utet
403 4047 432 4088 tu
447 4041 577 4089 abstulisti
594 4057 608 4090 e
625 4045 739 4090 sarcinis
755 4058 816 4104 epea
833 4057 903 4090 meae
922 4045 942 4091 1.
