2788 4772
288 319 329 382 78

330 451 410 522 Noli
432 457 594 522 adfectare
618 456 707 540 quod
729 453 788 519 riui
808 474 875 521 non
897 463 945 517 cst
966 454 1090 529 datum,

288 553 409 628 Delusa
432 581 471 624 ne
493 581 567 644 sper
590 561 629 622 ad
650 559 812 644 querelam
834 555 969 624 recidat.
1263 555 1309 617 15

684 759 781 822 [nnn.
810 756 903 820 nin]
1257 817 1261 829 μ

400 882 611 950 AESOPUS
634 880 916 947 RESPONDET
940 879 1182 944 GARRULO.

331 1026 481 1106 Aesopus
505 1023 633 1088 domino
655 1023 743 1088 solus
766 1043 862 1105 quum
885 1025 970 1083 esset
989 1018 1128 1096 familia,

290 1129 414 1196 Parare
437 1148 543 1188 cenam
566 1124 669 1188 iussus
694 1136 741 1188 est
764 1123 929 1187 maturius.
992 1143 994 1157 ³

249 1212 253 1230 .
289 1230 401 1314 Ignem
426 1251 507 1312 ergo
531 1246 705 1314 quaerent,
731 1227 854 1310 aliquot
874 1224 1025 1290 lustravit
1047 1226 1179 1300 domus,

291 1333 497 1414 Tandemque
519 1330 654 1406 invenit,
678 1316 735 1392 dui
755 1330 915 1392 lucernam
939 1331 1138 1395 accenderet.

292 1439 374 1498 Tum
398 1430 571 1498 circueunti
594 1435 699 1497 luerat
721 1435 808 1516 quod
828 1431 890 1494 iter
912 1430 1060 1516 longius,
1284 1435 1306 1496 5
1389 1490 1390 1500 ,

290 1536 411 1601 Effecit
433 1537 581 1600 brevius:
606 1537 742 1620 namque
764 1546 850 1597 recta
874 1555 932 1616 per
951 1535 1058 1598 forum

292 1639 411 1722 Coepit
433 1639 553 1703 redire.
599 1639 643 1707 Et
666 1638 790 1723 quidam
813 1659 830 1700 e
851 1639 946 1700 turba
969 1637 1137 1720 garrulus:

292 1743 444 1824 Aesope,
470 1743 572 1805 medio
596 1743 664 1804 sole
690 1740 766 1824 quid
788 1761 858 1802 cnm
881 1739 1022 1805 lumine?

238 1859 245 1878 ·
290 1847 478 1920 Hominem,
502 1845 623 1928 inquit,
650 1865 789 1928 quaero,
811 1853 842 1906 et
866 1843 941 1906 abiit
961 1843 1113 1906 festinans
1133 1846 1280 1910 domum.

291 1950 368 2012 Hoc
390 1946 416 2009 si
439 1947 593 2009 molestus
615 1946 669 2010 ille
692 1949 731 2008 ad
754 1945 888 2008 animum
910 1946 1051 2023 rettulit,
1147 1978 1151 1982 ·
1208 1979 1218 1999 x
1263 1954 1307 2012 10

233 2083 238 2088 ·
291 2050 397 2114 Sensit
418 2050 568 2132 profecto
592 2070 625 2112 se
647 2048 806 2113 hominem
828 2071 894 2112 non
915 2049 1019 2113 visum
1042 2050 1126 2128 seni,

294 2151 523 2236 Intempestive
546 2153 601 2238 qui
624 2166 783 2235 occupato
807 2151 990 2216 adluserit.‘
1100 2201 1104 2210 .

699 2323 886 2338 Ἥ

462 2429 465 2440 ’
545 2457 723 2532 nrunn
750 2449 1040 2558 Quantus.

703 2632 891 2646 *-
965 2629 969 2636 ¹

714 2745 814 2807 [run.
834 2745 877 2807 1.]

534 2866 536 2874 ’
577 2895 742 2961 Asruus
764 2897 827 2960 nn
851 2894 1012 2960 cunm.

324 3038 400 3119 'Qui
421 3049 512 3100 natus
535 3049 583 3100 est
605 3037 736 3114 infelix,
760 3059 825 3100 non
851 3037 946 3100 vitam
969 3041 1066 3106 modo

292 3143 432 3206 Tristem
455 3140 612 3218 decurrit,
639 3161 748 3204 verum
769 3152 847 3224 post
868 3140 991 3205 obitum
1013 3164 1142 3228 quoque

292 3355 378 3390 omnen
400 3337 488 3403 quae.)
514 3341 578 3388 Zell.
603 3366 636 3378 --
661 3341 756 3394 Omnem
782 3358 844 3404 quae
868 3359 893 3401 p.
912 3346 938 3390 S.
959 3345 1002 3400 (-·-
1016 3346 1118 3404 propiis
1134 3344 1175 3402 P.)
1210 3343 1301 3402 (lbid.)

293 3409 403 3471 nartem]
435 3412 466 3460 N.
486 3411 585 3458 firmans
611 3413 704 3458 Heinrii
726 3415 790 3459 cuni.
810 3415 836 3458 S.
856 3436 894 3448 -
911 3415 1012 3460 roribus
1030 3414 1060 3460 Ρ.
1081 3417 1111 3462 R.
1129 3429 1153 3472 p.
1191 3413 1244 3472 (15)
1264 3439 1300 3452 -··

293 3482 407 3528 reccidat
430 3482 460 3528 P.
489 3497 503 3528 u
529 3497 567 3542 pr.
590 3498 624 3529 m.
649 3485 790 3528 Salmasius.
820 3484 885 3537 (Non
911 3483 1135 3544 deneufflarvill.)
1155 3479 1211 3541 rad,
1236 3491 1302 3532 teste

293 3555 362 3598 lanu.
382 3551 472 3599 deluea
490 3553 561 3599 habet
580 3556 651 3599 etiarn
670 3553 712 3608 N.)

347 3623 407 3668 Fun.
426 3623 499 3668 xlx.
528 3615 578 3682 v(1)
597 3649 630 3658 -
649 3637 722 3682 quum
743 3627 810 3666 eruet
824 3622 894 3666 uolua
915 3623 947 3668 N.
966 3623 1066 3670 Lullem.
1086 3624 1156 3670 Brut.
1199 3619 1238 3680 (3)
1256 3622 1303 3670 do-

295 3689 362 3751 mur]
380 3694 411 3738 Ρ.
431 3694 461 3738 R.
484 3706 508 3750 p.
531 3705 562 3737 =
583 3693 669 3738 domoc
693 3694 718 3736 S.
739 3713 772 3726 *-
790 3691 876 3736 darnae
894 3694 988 3752 aliquot
1005 3695 1123 3740 luttravlt
1140 3695 1171 3739 N.
1209 3691 1247 3748 (l)
1266 3717 1301 3729 -—

296 3761 447 3808 accenderat
463 3777 487 3822 g.
533 3760 571 3821 (5)
596 3759 746 3819 circueunti]
772 3762 855 3806 Burm.
876 3763 901 3806 S.
924 3774 955 3806 =
976 3765 1143 3808 circumeunti
1165 3763 1195 3810 Ρ.
1215 3763 1244 3808 n.
1267 3763 1299 3809 N.

296 3845 321 3890 p.
359 3830 400 3891 (l)
423 3832 517 3879 redire.
554 3830 587 3876 Et
608 3830 709 3892 quidam
731 3829 754 3890 e]
774 3844 797 3886 p.
822 3833 847 3875 S.
868 3853 902 3864 -
925 3831 1019 3884 redire.
1055 3832 1163 3895 Quidam
1182 3848 1195 3878 ο
1214 3833 1245 3878 Ν.
1266 3855 1301 3868 -

296 3901 390 3948 redire.
427 3901 461 3947 Et
477 3901 576 3962 quidem
594 3907 632 3946 cat
648 3902 678 3946 Ρ.
704 3906 766 3948 teste
784 3899 858 3960 Berg.
907 3900 946 3958 (8)
965 3903 1026 3964 quid
1042 3901 1108 3962 cum]
1127 3904 1158 3949 N.
1178 3904 1299 3962 Bongnrs.

296 3975 323 4019 S.
342 3995 376 4010 -
394 3972 455 4034 quiid
472 3979 498 4018 tu
517 3985 573 4016 cum
590 3971 621 4018 Ρ.
643 3972 674 4018 R.
694 3985 720 4030 p.
763 3969 802 4029 (9)
820 3968 895 4030 attii]
911 3973 1027 4022 Ritterub.
1050 3975 1077 4020 S.
1096 3995 1130 4010 -··
1148 3973 1200 4020 atu
1216 3974 1247 4019 P.
1267 3975 1297 4020 R.
