<?xml version="1.0" encoding="UTF-8"?>
<!DOCTYPE html PUBLIC "-//W3C//DTD XHTML 1.0 Transitional//EN"
    "http://www.w3.org/TR/xhtml1/DTD/xhtml1-transitional.dtd">
<html xmlns="http://www.w3.org/1999/xhtml" xml:lang="en" lang="en">
 <head>
  <title>
</title>
<meta http-equiv="Content-Type" content="text/html;charset=utf-8" />
  <meta name='ocr-system' content='tesseract 3.04.00' />
  <meta name='ocr-capabilities' content='ocr_page ocr_carea ocr_par ocr_line ocrx_word'/>
</head>
<body>
  <div class='ocr_page' id='page_1' title='image "./fabulaesopiae00phaegoog_0162.png"; bbox 0 0 2768 4750; ppageno 0'>
   <div class='ocr_carea' id='block_1_1' title="bbox 138 933 963 1066">
    <p class='ocr_par' dir='ltr' id='par_1_1' title="bbox 138 933 963 1066">
     <span class='ocr_line' id='line_1_1' title="bbox 138 933 963 1066; baseline -0.001 1"><span class='ocrx_word' id='word_1_1' title='bbox 138 933 963 1066; x_wconf 69' lang='lat' dir='ltr'><strong>vnunururcrcausanrs</strong></span> 
     </span>
    </p>
   </div>
   <div class='ocr_carea' id='block_1_2' title="bbox 493 1147 655 1226">
    <p class='ocr_par' dir='ltr' id='par_1_2' title="bbox 493 1147 655 1226">
     <span class='ocr_line' id='line_1_2' title="bbox 493 1147 655 1226; baseline -0.006 0"><span class='ocrx_word' id='word_1_2' title='bbox 493 1147 655 1226; x_wconf 72' lang='lat' dir='ltr'><strong>enarer</strong></span> 
     </span>
    </p>
   </div>
   <div class='ocr_carea' id='block_1_3' title="bbox 270 1328 806 1394">
    <p class='ocr_par' dir='ltr' id='par_1_3' title="bbox 270 1328 806 1394">
     <span class='ocr_line' id='line_1_3' title="bbox 270 1328 806 1394; baseline -0.004 0"><span class='ocrx_word' id='word_1_3' title='bbox 270 1343 272 1348; x_wconf 65' lang='lat'>‘</span> <span class='ocrx_word' id='word_1_4' title='bbox 330 1328 806 1394; x_wconf 84' lang='lat' dir='ltr'><strong>PHAENOMENA.</strong></span> 
     </span>
    </p>
   </div>
   <div class='ocr_carea' id='block_1_4' title="bbox 475 1499 664 1516">
    <p class='ocr_par' dir='ltr' id='par_1_4' title="bbox 475 1499 664 1516">
     <span class='ocr_line' id='line_1_4' title="bbox 475 1499 664 1516; baseline -0.016 0"><span class='ocrx_word' id='word_1_5' title='bbox 475 1499 664 1516; x_wconf 47' lang='lat' dir='ltr'><strong>m</strong></span> 
     </span>
    </p>
   </div>
   <div class='ocr_carea' id='block_1_5' title="bbox 64 1625 1081 2332">
    <p class='ocr_par' dir='ltr' id='par_1_5' title="bbox 64 1625 1081 2332">
     <span class='ocr_line' id='line_1_5' title="bbox 126 1625 951 1711; baseline -0.002 -17"><span class='ocrx_word' id='word_1_6' title='bbox 126 1631 182 1694; x_wconf 84' lang='lat' dir='ltr'><strong>Ab</strong></span> <span class='ocrx_word' id='word_1_7' title='bbox 206 1630 288 1696; x_wconf 82' lang='lat' dir='ltr'><strong>Iove</strong></span> <span class='ocrx_word' id='word_1_8' title='bbox 310 1626 498 1711; x_wconf 87' lang='lat' dir='ltr'><strong>principium</strong></span> <span class='ocrx_word' id='word_1_9' title='bbox 522 1649 637 1711; x_wconf 85' lang='lat' dir='ltr'><strong>magno</strong></span> <span class='ocrx_word' id='word_1_10' title='bbox 660 1625 791 1690; x_wconf 85' lang='lat' dir='ltr'><strong>deduxit</strong></span> <span class='ocrx_word' id='word_1_11' title='bbox 813 1627 951 1692; x_wconf 80' lang='lat' dir='ltr'><strong>Aratus:</strong></span> 
     </span>
     <span class='ocr_line' id='line_1_6' title="bbox 66 1730 1035 1814; baseline 0 -18"><span class='ocrx_word' id='word_1_12' title='bbox 66 1732 226 1796; x_wconf 81' lang='lat' dir='ltr'>Carminis</span> <span class='ocrx_word' id='word_1_13' title='bbox 250 1744 280 1793; x_wconf 89' lang='lat' dir='ltr'><strong>at</strong></span> <span class='ocrx_word' id='word_1_14' title='bbox 303 1731 413 1806; x_wconf 88' lang='lat' dir='ltr'><strong>nobis,</strong></span> <span class='ocrx_word' id='word_1_15' title='bbox 438 1730 582 1814; x_wconf 85' lang='lat' dir='ltr'><strong>genitor,</strong></span> <span class='ocrx_word' id='word_1_16' title='bbox 608 1743 641 1792; x_wconf 90' lang='lat' dir='ltr'><strong>tu</strong></span> <span class='ocrx_word' id='word_1_17' title='bbox 666 1733 818 1794; x_wconf 88' lang='lat' dir='ltr'><strong>maximus</strong></span> <span class='ocrx_word' id='word_1_18' title='bbox 842 1745 975 1806; x_wconf 61' lang='lat' dir='ltr'><strong>aneton</strong></span> <span class='ocrx_word' id='word_1_19' title='bbox 1032 1743 1035 1768; x_wconf 75' lang='lat'><strong><em>¹</em></strong></span> 
     </span>
     <span class='ocr_line' id='line_1_7' title="bbox 65 1833 903 1920; baseline -0.002 -22"><span class='ocrx_word' id='word_1_20' title='bbox 65 1839 114 1898; x_wconf 85' lang='lat' dir='ltr'><strong>Te</strong></span> <span class='ocrx_word' id='word_1_21' title='bbox 137 1855 298 1909; x_wconf 85' lang='lat' dir='ltr'><strong>veneror,</strong></span> <span class='ocrx_word' id='word_1_22' title='bbox 322 1833 380 1897; x_wconf 91' lang='lat' dir='ltr'><strong>tibi</strong></span> <span class='ocrx_word' id='word_1_23' title='bbox 401 1855 492 1897; x_wconf 85' lang='lat' dir='ltr'><strong>sacra</strong></span> <span class='ocrx_word' id='word_1_24' title='bbox 515 1834 586 1898; x_wconf 77' lang='lat' dir='ltr'><strong>iero</strong></span> <span class='ocrx_word' id='word_1_25' title='bbox 611 1835 759 1920; x_wconf 87' lang='lat' dir='ltr'><strong>doctique</strong></span> <span class='ocrx_word' id='word_1_26' title='bbox 782 1835 903 1901; x_wconf 79' lang='lat' dir='ltr'><strong>laboris</strong></span> 
     </span>
     <span class='ocr_line' id='line_1_8' title="bbox 64 1937 1001 2022; baseline -0.003 -18"><span class='ocrx_word' id='word_1_27' title='bbox 64 1937 243 2004; x_wconf 79' lang='lat' dir='ltr'><strong>Primitiae.</strong></span> <span class='ocrx_word' id='word_1_28' title='bbox 288 1939 414 2002; x_wconf 82' lang='lat' dir='ltr'><strong>Probat</strong></span> <span class='ocrx_word' id='word_1_29' title='bbox 435 1937 503 2020; x_wconf 82' lang='lat' dir='ltr'><strong>ipse</strong></span> <span class='ocrx_word' id='word_1_30' title='bbox 525 1939 615 2000; x_wconf 83' lang='lat' dir='ltr'><strong>deum</strong></span> <span class='ocrx_word' id='word_1_31' title='bbox 639 1950 810 2021; x_wconf 70' lang='lat' dir='ltr'><strong>rectorque</strong></span> <span class='ocrx_word' id='word_1_32' title='bbox 833 1951 1001 2022; x_wconf 87' lang='lat' dir='ltr'><strong>satorque.</strong></span> 
     </span>
     <span class='ocr_line' id='line_1_9' title="bbox 66 2039 1070 2126; baseline 0.002 -24"><span class='ocrx_word' id='word_1_33' title='bbox 66 2043 228 2120; x_wconf 84' lang='lat' dir='ltr'><strong>Quantum</strong></span> <span class='ocrx_word' id='word_1_34' title='bbox 252 2039 363 2104; x_wconf 80' lang='lat' dir='ltr'><strong>etenim</strong></span> <span class='ocrx_word' id='word_1_35' title='bbox 386 2052 520 2122; x_wconf 80' lang='lat' dir='ltr'><strong>possent</strong></span> <span class='ocrx_word' id='word_1_36' title='bbox 541 2041 613 2105; x_wconf 86' lang='lat' dir='ltr'><strong>anui</strong></span> <span class='ocrx_word' id='word_1_37' title='bbox 636 2041 809 2110; x_wconf 86' lang='lat' dir='ltr'><strong>certissima</strong></span> <span class='ocrx_word' id='word_1_38' title='bbox 832 2043 940 2126; x_wconf 82' lang='lat' dir='ltr'><strong>sigua,</strong></span> <span class='ocrx_word' id='word_1_39' title='bbox 1051 2041 1070 2104; x_wconf 86' lang='lat'><strong>5</strong></span> 
     </span>
     <span class='ocr_line' id='line_1_10' title="bbox 67 2142 1081 2224; baseline -0.003 -15"><span class='ocrx_word' id='word_1_40' title='bbox 67 2143 137 2223; x_wconf 80' lang='lat' dir='ltr'><strong>Qua</strong></span> <span class='ocrx_word' id='word_1_41' title='bbox 163 2144 222 2208; x_wconf 85' lang='lat' dir='ltr'><strong>Sol</strong></span> <span class='ocrx_word' id='word_1_42' title='bbox 246 2145 404 2206; x_wconf 72' lang='lat' dir='ltr'><strong>ardentem</strong></span> <span class='ocrx_word' id='word_1_43' title='bbox 429 2142 586 2215; x_wconf 82' lang='lat' dir='ltr'><strong>Cancrum</strong></span> <span class='ocrx_word' id='word_1_44' title='bbox 609 2144 825 2224; x_wconf 86' lang='lat' dir='ltr'><strong>rapidissimus</strong></span> <span class='ocrx_word' id='word_1_45' title='bbox 849 2144 946 2206; x_wconf 88' lang='lat' dir='ltr'><strong>ambit</strong></span> <span class='ocrx_word' id='word_1_46' title='bbox 998 2153 1002 2196; x_wconf 82' lang='lat' dir='ltr'><strong>t</strong></span> <span class='ocrx_word' id='word_1_47' title='bbox 1078 2163 1081 2172; x_wconf 91' lang='grc'><strong>’</strong></span> 
     </span>
     <span class='ocr_line' id='line_1_11' title="bbox 64 2244 867 2332; baseline -0.002 -22"><span class='ocrx_word' id='word_1_48' title='bbox 64 2244 286 2330; x_wconf 74' lang='lat' dir='ltr'><strong>Diversaeque</strong></span> <span class='ocrx_word' id='word_1_49' title='bbox 309 2257 395 2308; x_wconf 86' lang='lat' dir='ltr'><strong>secat</strong></span> <span class='ocrx_word' id='word_1_50' title='bbox 417 2258 515 2308; x_wconf 89' lang='lat' dir='ltr'><strong>metas</strong></span> <span class='ocrx_word' id='word_1_51' title='bbox 538 2246 635 2332; x_wconf 84' lang='lat' dir='ltr'><strong>geh&#39;di</strong></span> <span class='ocrx_word' id='word_1_52' title='bbox 659 2245 867 2329; x_wconf 82' lang='lat' dir='ltr'><strong>Capricorni,</strong></span> 
     </span>
    </p>
   </div>
   <div class='ocr_carea' id='block_1_6' title="bbox 67 2348 1080 3156">
    <p class='ocr_par' dir='ltr' id='par_1_6' title="bbox 67 2348 922 2432">
     <span class='ocr_line' id='line_1_12' title="bbox 67 2348 922 2432; baseline 0.002 -22"><span class='ocrx_word' id='word_1_53' title='bbox 67 2348 181 2428; x_wconf 85' lang='lat' dir='ltr'><strong>Quave</strong></span> <span class='ocrx_word' id='word_1_54' title='bbox 205 2349 301 2413; x_wconf 85' lang='lat' dir='ltr'><strong>Aries</strong></span> <span class='ocrx_word' id='word_1_55' title='bbox 324 2361 356 2412; x_wconf 87' lang='lat' dir='ltr'><strong>et</strong></span> <span class='ocrx_word' id='word_1_56' title='bbox 377 2349 478 2412; x_wconf 90' lang='lat' dir='ltr'><strong>Libra</strong></span> <span class='ocrx_word' id='word_1_57' title='bbox 502 2361 637 2432; x_wconf 89' lang='lat' dir='ltr'><strong>aequant</strong></span> <span class='ocrx_word' id='word_1_58' title='bbox 660 2349 797 2413; x_wconf 85' lang='lat' dir='ltr'><strong>divortia</strong></span> <span class='ocrx_word' id='word_1_59' title='bbox 822 2349 922 2426; x_wconf 88' lang='lat' dir='ltr'><strong>lucis,</strong></span> 
     </span>
    </p>

    <p class='ocr_par' dir='ltr' id='par_1_7' title="bbox 68 2451 1080 2846">
     <span class='ocr_line' id='line_1_13' title="bbox 68 2451 1080 2538; baseline 0.002 -24"><span class='ocrx_word' id='word_1_60' title='bbox 68 2451 103 2514; x_wconf 89' lang='lat' dir='ltr'><strong>si</strong></span> <span class='ocrx_word' id='word_1_61' title='bbox 124 2474 189 2517; x_wconf 90' lang='lat' dir='ltr'><strong>non</strong></span> <span class='ocrx_word' id='word_1_62' title='bbox 215 2464 306 2534; x_wconf 89' lang='lat' dir='ltr'><strong>parta</strong></span> <span class='ocrx_word' id='word_1_63' title='bbox 329 2451 440 2535; x_wconf 83' lang='lat' dir='ltr'><strong>quies,</strong></span> <span class='ocrx_word' id='word_1_64' title='bbox 464 2464 495 2514; x_wconf 92' lang='lat' dir='ltr'><strong>te</strong></span> <span class='ocrx_word' id='word_1_65' title='bbox 517 2451 682 2535; x_wconf 86' lang='lat' dir='ltr'><strong>praeside,</strong></span> <span class='ocrx_word' id='word_1_66' title='bbox 707 2452 867 2534; x_wconf 86' lang='lat' dir='ltr'><strong>puppibus</strong></span> <span class='ocrx_word' id='word_1_67' title='bbox 890 2475 1012 2538; x_wconf 87' lang='lat' dir='ltr'><strong>aequor</strong></span> <span class='ocrx_word' id='word_1_68' title='bbox 1077 2527 1080 2533; x_wconf 27' lang='grc' dir='ltr'>Ι</span> 
     </span>
     <span class='ocr_line' id='line_1_14' title="bbox 68 2553 1075 2640; baseline 0.001 -22"><span class='ocrx_word' id='word_1_69' title='bbox 68 2553 262 2640; x_wconf 80' lang='lat' dir='ltr'><strong>cultorique</strong></span> <span class='ocrx_word' id='word_1_70' title='bbox 278 2558 367 2618; x_wconf 86' lang='lat' dir='ltr'><strong>daret</strong></span> <span class='ocrx_word' id='word_1_71' title='bbox 382 2567 503 2629; x_wconf 86' lang='lat' dir='ltr'><strong>terras,</strong></span> <span class='ocrx_word' id='word_1_72' title='bbox 528 2556 643 2637; x_wconf 86' lang='lat' dir='ltr'><strong>procul</strong></span> <span class='ocrx_word' id='word_1_73' title='bbox 666 2575 750 2617; x_wconf 87' lang='lat' dir='ltr'><strong>arma</strong></span> <span class='ocrx_word' id='word_1_74' title='bbox 773 2555 927 2618; x_wconf 84' lang='lat' dir='ltr'><strong>silerent?</strong></span> <span class='ocrx_word' id='word_1_75' title='bbox 1034 2558 1075 2620; x_wconf 93' lang='grc'><strong>10</strong></span> 
     </span>
     <span class='ocr_line' id='line_1_15' title="bbox 69 2658 908 2722; baseline 0.002 -2"><span class='ocrx_word' id='word_1_76' title='bbox 69 2658 164 2722; x_wconf 83' lang='lat' dir='ltr'><strong>Nunc</strong></span> <span class='ocrx_word' id='word_1_77' title='bbox 188 2670 280 2722; x_wconf 87' lang='lat' dir='ltr'><strong>vacat</strong></span> <span class='ocrx_word' id='word_1_78' title='bbox 303 2661 437 2722; x_wconf 79' lang='lat' dir='ltr'><strong>audaces</strong></span> <span class='ocrx_word' id='word_1_79' title='bbox 461 2659 500 2720; x_wconf 88' lang='lat' dir='ltr'><strong>ad</strong></span> <span class='ocrx_word' id='word_1_80' title='bbox 522 2659 641 2722; x_wconf 89' lang='lat' dir='ltr'><strong>caelum</strong></span> <span class='ocrx_word' id='word_1_81' title='bbox 665 2658 779 2722; x_wconf 91' lang='lat' dir='ltr'><strong>tollere</strong></span> <span class='ocrx_word' id='word_1_82' title='bbox 804 2659 908 2722; x_wconf 83' lang='lat' dir='ltr'><strong>vultus</strong></span> 
     </span>
     <span class='ocr_line' id='line_1_16' title="bbox 71 2760 926 2846; baseline 0.004 -24"><span class='ocrx_word' id='word_1_83' title='bbox 71 2761 247 2846; x_wconf 85' lang='lat' dir='ltr'><strong>Sideraque</strong></span> <span class='ocrx_word' id='word_1_84' title='bbox 270 2773 301 2824; x_wconf 91' lang='lat' dir='ltr'><strong>et</strong></span> <span class='ocrx_word' id='word_1_85' title='bbox 323 2761 428 2824; x_wconf 90' lang='lat' dir='ltr'><strong>mundi</strong></span> <span class='ocrx_word' id='word_1_86' title='bbox 451 2760 559 2826; x_wconf 85' lang='lat' dir='ltr'><strong>varios</strong></span> <span class='ocrx_word' id='word_1_87' title='bbox 580 2783 780 2845; x_wconf 79' lang='lat' dir='ltr'><strong>cognoscere</strong></span> <span class='ocrx_word' id='word_1_88' title='bbox 803 2775 926 2838; x_wconf 80' lang='lat' dir='ltr'><strong>motus3</strong></span> 
     </span>
    </p>

    <p class='ocr_par' dir='ltr' id='par_1_8' title="bbox 71 2856 913 2950">
     <span class='ocr_line' id='line_1_17' title="bbox 71 2856 913 2950; baseline 0.004 -25"><span class='ocrx_word' id='word_1_89' title='bbox 71 2863 187 2928; x_wconf 84' lang='lat' dir='ltr'><strong>Navita</strong></span> <span class='ocrx_word' id='word_1_90' title='bbox 212 2863 288 2949; x_wconf 89' lang='lat' dir='ltr'><strong>quid</strong></span> <span class='ocrx_word' id='word_1_91' title='bbox 309 2877 438 2940; x_wconf 89' lang='lat' dir='ltr'><strong>caveat;</strong></span> <span class='ocrx_word' id='word_1_92' title='bbox 462 2865 538 2950; x_wconf 88' lang='lat' dir='ltr'><strong>quid</strong></span> <span class='ocrx_word' id='word_1_93' title='bbox 560 2856 759 2928; x_wconf 43' lang='lat' dir='ltr'><strong>scitus‘vitet</strong></span> <span class='ocrx_word' id='word_1_94' title='bbox 782 2879 913 2941; x_wconf 86' lang='lat' dir='ltr'><strong>arator;</strong></span> 
     </span>
    </p>

    <p class='ocr_par' dir='ltr' id='par_1_9' title="bbox 72 2966 1074 3156">
     <span class='ocr_line' id='line_1_18' title="bbox 72 2966 968 3048; baseline 0.004 -20"><span class='ocrx_word' id='word_1_95' title='bbox 72 2966 210 3048; x_wconf 80' lang='lat' dir='ltr'><strong>Quando</strong></span> <span class='ocrx_word' id='word_1_96' title='bbox 232 2980 332 3032; x_wconf 88' lang='lat' dir='ltr'><strong>ratem</strong></span> <span class='ocrx_word' id='word_1_97' title='bbox 356 2968 459 3032; x_wconf 86' lang='lat' dir='ltr'><strong>ventis</strong></span> <span class='ocrx_word' id='word_1_98' title='bbox 482 2980 535 3031; x_wconf 89' lang='lat' dir='ltr'><strong>aut</strong></span> <span class='ocrx_word' id='word_1_99' title='bbox 557 2971 666 3032; x_wconf 88' lang='lat' dir='ltr'><strong>credat</strong></span> <span class='ocrx_word' id='word_1_100' title='bbox 687 2969 802 3032; x_wconf 90' lang='lat' dir='ltr'><strong>semina</strong></span> <span class='ocrx_word' id='word_1_101' title='bbox 826 2969 934 3032; x_wconf 86' lang='lat' dir='ltr'><strong>terris.</strong></span> <span class='ocrx_word' id='word_1_102' title='bbox 961 2977 968 2988; x_wconf 82' lang='grc'><em>“</em></span> 
     </span>
     <span class='ocr_line' id='line_1_19' title="bbox 73 3068 1074 3156; baseline 0.003 -24"><span class='ocrx_word' id='word_1_103' title='bbox 73 3068 164 3136; x_wconf 89' lang='lat' dir='ltr'><strong>Haec</strong></span> <span class='ocrx_word' id='word_1_104' title='bbox 186 3093 249 3156; x_wconf 82' lang='lat' dir='ltr'><strong>ego</strong></span> <span class='ocrx_word' id='word_1_105' title='bbox 272 3073 344 3135; x_wconf 87' lang='lat' dir='ltr'><strong>dum</strong></span> <span class='ocrx_word' id='word_1_106' title='bbox 367 3070 470 3136; x_wconf 88' lang='lat' dir='ltr'><strong>Latiis</strong></span> <span class='ocrx_word' id='word_1_107' title='bbox 493 3092 597 3136; x_wconf 89' lang='lat' dir='ltr'><strong>conor</strong></span> <span class='ocrx_word' id='word_1_108' title='bbox 618 3074 805 3156; x_wconf 87' lang='lat' dir='ltr'><strong>praedicere</strong></span> <span class='ocrx_word' id='word_1_109' title='bbox 828 3073 953 3149; x_wconf 89' lang='lat' dir='ltr'><strong>Musis,</strong></span> <span class='ocrx_word' id='word_1_110' title='bbox 1035 3073 1074 3136; x_wconf 85' lang='grc'><strong>15</strong></span> 
     </span>
    </p>
   </div>
   <div class='ocr_carea' id='block_1_7' title="bbox 70 3271 1137 4108">
    <p class='ocr_par' dir='ltr' id='par_1_10' title="bbox 70 3271 1137 4108">
     <span class='ocr_line' id='line_1_20' title="bbox 123 3271 1076 3333; baseline 0 -13"><span class='ocrx_word' id='word_1_111' title='bbox 123 3275 197 3322; x_wconf 70' lang='lat' dir='ltr'><strong>Vere.</strong></span> <span class='ocrx_word' id='word_1_112' title='bbox 235 3271 276 3333; x_wconf 79' lang='lat'><strong>(2)</strong></span> <span class='ocrx_word' id='word_1_113' title='bbox 296 3277 335 3321; x_wconf 79' lang='lat' dir='ltr'><strong>Sic</strong></span> <span class='ocrx_word' id='word_1_114' title='bbox 356 3289 407 3322; x_wconf 90' lang='lat' dir='ltr'><strong>cum</strong></span> <span class='ocrx_word' id='word_1_115' title='bbox 427 3275 532 3330; x_wconf 79' lang='lat' dir='ltr'><strong>Grotto,</strong></span> <span class='ocrx_word' id='word_1_116' title='bbox 557 3275 630 3320; x_wconf 86' lang='lat' dir='ltr'><strong>immo</strong></span> <span class='ocrx_word' id='word_1_117' title='bbox 648 3289 702 3320; x_wconf 87' lang='lat' dir='ltr'><strong>cum</strong></span> <span class='ocrx_word' id='word_1_118' title='bbox 720 3275 781 3320; x_wconf 82' lang='lat' dir='ltr'><strong>Gdd.</strong></span> <span class='ocrx_word' id='word_1_119' title='bbox 800 3274 872 3320; x_wconf 81' lang='grc' dir='ltr'><strong>ΑΒΕ.</strong></span> <span class='ocrx_word' id='word_1_120' title='bbox 894 3289 907 3319; x_wconf 88' lang='lat' dir='ltr'><strong>a</strong></span> <span class='ocrx_word' id='word_1_121' title='bbox 926 3275 995 3320; x_wconf 87' lang='lat' dir='ltr'><strong>nobis</strong></span> <span class='ocrx_word' id='word_1_122' title='bbox 1017 3277 1076 3332; x_wconf 86' lang='lat' dir='ltr'><strong>ipsis</strong></span> 
     </span>
     <span class='ocr_line' id='line_1_21' title="bbox 74 3341 1075 3404; baseline 0.003 -17"><span class='ocrx_word' id='word_1_123' title='bbox 74 3341 187 3399; x_wconf 80' lang='lat' dir='ltr'><strong>inspectis</strong></span> <span class='ocrx_word' id='word_1_124' title='bbox 206 3346 373 3394; x_wconf 84' lang='lat' dir='ltr'><strong>distinximus:</strong></span> <span class='ocrx_word' id='word_1_125' title='bbox 394 3361 453 3404; x_wconf 86' lang='lat' dir='ltr'><strong>quae</strong></span> <span class='ocrx_word' id='word_1_126' title='bbox 471 3347 534 3390; x_wconf 84' lang='lat' dir='ltr'><strong>ratio</strong></span> <span class='ocrx_word' id='word_1_127' title='bbox 553 3349 624 3401; x_wconf 73' lang='lat' dir='ltr'><strong>poeta</strong></span> <span class='ocrx_word' id='word_1_128' title='bbox 642 3347 723 3404; x_wconf 87' lang='lat' dir='ltr'><strong>utique</strong></span> <span class='ocrx_word' id='word_1_129' title='bbox 742 3348 811 3404; x_wconf 78' lang='lat' dir='ltr'><strong>longe</strong></span> <span class='ocrx_word' id='word_1_130' title='bbox 828 3346 922 3404; x_wconf 78' lang='lat' dir='ltr'><strong>dignior</strong></span> <span class='ocrx_word' id='word_1_131' title='bbox 937 3347 1012 3391; x_wconf 83' lang='lat' dir='ltr'><strong>rideri</strong></span> <span class='ocrx_word' id='word_1_132' title='bbox 1036 3348 1075 3390; x_wconf 87' lang='lat' dir='ltr'><strong>de-</strong></span> 
     </span>
     <span class='ocr_line' id='line_1_22' title="bbox 74 3411 1076 3476; baseline 0.005 -21"><span class='ocrx_word' id='word_1_133' title='bbox 74 3411 121 3458; x_wconf 80' lang='lat' dir='ltr'><strong>bet.</strong></span> <span class='ocrx_word' id='word_1_134' title='bbox 158 3419 237 3476; x_wconf 76' lang='lat' dir='ltr'><strong>Vulgo</strong></span> <span class='ocrx_word' id='word_1_135' title='bbox 252 3415 303 3462; x_wconf 89' lang='lat' dir='ltr'><strong>sic:</strong></span> <span class='ocrx_word' id='word_1_136' title='bbox 323 3416 359 3461; x_wconf 77' lang='lat' dir='ltr'><strong>Aa</strong></span> <span class='ocrx_word' id='word_1_137' title='bbox 368 3415 423 3462; x_wconf 77' lang='lat' dir='ltr'><strong>lore</strong></span> <span class='ocrx_word' id='word_1_138' title='bbox 433 3416 590 3474; x_wconf 79' lang='lat' dir='ltr'><strong>principium</strong></span> <span class='ocrx_word' id='word_1_139' title='bbox 602 3429 694 3476; x_wconf 76' lang='lat' dir='ltr'><strong>magno</strong></span> <span class='ocrx_word' id='word_1_140' title='bbox 704 3415 811 3460; x_wconf 70' lang='lat' dir='ltr'><strong>deduxit</strong></span> <span class='ocrx_word' id='word_1_141' title='bbox 822 3415 917 3460; x_wconf 77' lang='lat' dir='ltr'><strong>Arctus</strong></span> <span class='ocrx_word' id='word_1_142' title='bbox 928 3414 1076 3460; x_wconf 74' lang='lat' dir='ltr'><strong>Carminis:</strong></span> 
     </span>
     <span class='ocr_line' id='line_1_23' title="bbox 74 3483 1076 3546; baseline 0.004 -21"><span class='ocrx_word' id='word_1_143' title='bbox 74 3487 100 3525; x_wconf 86' lang='lat' dir='ltr'><strong>ot</strong></span> <span class='ocrx_word' id='word_1_144' title='bbox 120 3485 191 3532; x_wconf 78' lang='lat' dir='ltr'><strong>nodia</strong></span> <span class='ocrx_word' id='word_1_145' title='bbox 219 3492 266 3532; x_wconf 85' lang='lat' dir='ltr'><strong>cet.</strong></span> <span class='ocrx_word' id='word_1_146' title='bbox 303 3484 342 3546; x_wconf 83' lang='lat'><strong>(5)</strong></span> <span class='ocrx_word' id='word_1_147' title='bbox 357 3483 472 3545; x_wconf 77' lang='lat' dir='ltr'><strong>possent]</strong></span> <span class='ocrx_word' id='word_1_148' title='bbox 492 3487 531 3531; x_wconf 89' lang='lat' dir='ltr'><strong>Sic</strong></span> <span class='ocrx_word' id='word_1_149' title='bbox 559 3485 587 3530; x_wconf 88' lang='lat' dir='ltr'><strong>B.</strong></span> <span class='ocrx_word' id='word_1_150' title='bbox 606 3487 781 3542; x_wconf 83' lang='lat' dir='ltr'><strong>(superscripto</strong></span> <span class='ocrx_word' id='word_1_151' title='bbox 802 3491 880 3531; x_wconf 84' lang='lat' dir='ltr'><strong>tamen</strong></span> <span class='ocrx_word' id='word_1_152' title='bbox 902 3484 923 3545; x_wconf 81' lang='lat' dir='ltr'><strong>i)</strong></span> <span class='ocrx_word' id='word_1_153' title='bbox 940 3487 1022 3532; x_wconf 83' lang='lat' dir='ltr'><strong>EGah.</strong></span> <span class='ocrx_word' id='word_1_154' title='bbox 1043 3509 1076 3518; x_wconf 87' lang='grc'><strong>--</strong></span> 
     </span>
     <span class='ocr_line' id='line_1_24' title="bbox 70 3553 1076 3617; baseline 0 -20"><span class='ocrx_word' id='word_1_155' title='bbox 70 3555 171 3616; x_wconf 73' lang='lat' dir='ltr'><strong>possint</strong></span> <span class='ocrx_word' id='word_1_156' title='bbox 186 3557 252 3616; x_wconf 77' lang='lat' dir='ltr'><strong>arg.</strong></span> <span class='ocrx_word' id='word_1_157' title='bbox 272 3581 305 3590; x_wconf 91' lang='lat'><em>-</em></span> <span class='ocrx_word' id='word_1_158' title='bbox 319 3562 428 3616; x_wconf 74' lang='lat' dir='ltr'><strong>possunt</strong></span> <span class='ocrx_word' id='word_1_159' title='bbox 444 3557 473 3602; x_wconf 77' lang='lat' dir='ltr'><strong>F.</strong></span> <span class='ocrx_word' id='word_1_160' title='bbox 511 3553 550 3613; x_wconf 84' lang='lat'><strong>(6)</strong></span> <span class='ocrx_word' id='word_1_161' title='bbox 569 3554 720 3601; x_wconf 55' lang='lat' dir='ltr'><strong>uadentem.</strong></span> <span class='ocrx_word' id='word_1_162' title='bbox 758 3553 796 3612; x_wconf 79' lang='lat'><strong>(8)</strong></span> <span class='ocrx_word' id='word_1_163' title='bbox 818 3554 910 3617; x_wconf 76' lang='lat' dir='ltr'><strong>Quare]</strong></span> <span class='ocrx_word' id='word_1_164' title='bbox 929 3558 978 3601; x_wconf 78' lang='grc' dir='ltr'><strong>ΑΒ.</strong></span> <span class='ocrx_word' id='word_1_165' title='bbox 1000 3555 1049 3612; x_wconf 87' lang='lat' dir='ltr'><strong>(hic</strong></span> <span class='ocrx_word' id='word_1_166' title='bbox 1062 3569 1076 3598; x_wconf 88' lang='lat' dir='ltr'><strong>a</strong></span> 
     </span>
     <span class='ocr_line' id='line_1_25' title="bbox 75 3621 1075 3688; baseline 0.003 -24"><span class='ocrx_word' id='word_1_167' title='bbox 75 3633 124 3666; x_wconf 85' lang='lat' dir='ltr'><strong>sac.</strong></span> <span class='ocrx_word' id='word_1_168' title='bbox 144 3627 189 3682; x_wconf 88' lang='lat' dir='ltr'><strong>m.)</strong></span> <span class='ocrx_word' id='word_1_169' title='bbox 212 3640 234 3674; x_wconf 79' lang='lat' dir='ltr'><strong>a.</strong></span> <span class='ocrx_word' id='word_1_170' title='bbox 257 3647 286 3660; x_wconf 88' lang='lat'><strong>·-</strong></span> <span class='ocrx_word' id='word_1_171' title='bbox 306 3641 379 3688; x_wconf 80' lang='lat' dir='ltr'><strong>quera</strong></span> <span class='ocrx_word' id='word_1_172' title='bbox 397 3627 426 3671; x_wconf 86' lang='lat' dir='ltr'><strong>B.</strong></span> <span class='ocrx_word' id='word_1_173' title='bbox 446 3641 460 3669; x_wconf 83' lang='lat' dir='ltr'><strong>a</strong></span> <span class='ocrx_word' id='word_1_174' title='bbox 480 3640 517 3682; x_wconf 84' lang='lat' dir='ltr'><strong>pr.</strong></span> <span class='ocrx_word' id='word_1_175' title='bbox 537 3641 571 3673; x_wconf 88' lang='lat' dir='ltr'><strong>m.</strong></span> <span class='ocrx_word' id='word_1_176' title='bbox 593 3627 644 3672; x_wconf 88' lang='grc' dir='ltr'><strong>ΕΡ.</strong></span> <span class='ocrx_word' id='word_1_177' title='bbox 666 3625 710 3685; x_wconf 92' lang='grc'><strong>(-</strong></span> <span class='ocrx_word' id='word_1_178' title='bbox 728 3639 820 3686; x_wconf 77' lang='lat' dir='ltr'><strong>quaeve</strong></span> <span class='ocrx_word' id='word_1_179' title='bbox 840 3627 895 3686; x_wconf 80' lang='lat' dir='ltr'><strong>gh.)</strong></span> <span class='ocrx_word' id='word_1_180' title='bbox 932 3621 973 3687; x_wconf 83' lang='lat'><strong>(9)</strong></span> <span class='ocrx_word' id='word_1_181' title='bbox 986 3623 1075 3686; x_wconf 80' lang='lat' dir='ltr'><strong>portu]</strong></span> 
     </span>
     <span class='ocr_line' id='line_1_26' title="bbox 74 3689 1074 3756; baseline 0.001 -18"><span class='ocrx_word' id='word_1_182' title='bbox 74 3689 212 3756; x_wconf 71' lang='lat' dir='ltr'><strong>BEcrgsu.</strong></span> <span class='ocrx_word' id='word_1_183' title='bbox 231 3716 266 3730; x_wconf 89' lang='lat'><strong>-·</strong></span> <span class='ocrx_word' id='word_1_184' title='bbox 286 3698 358 3742; x_wconf 74' lang='lat' dir='ltr'><strong>tantu</strong></span> <span class='ocrx_word' id='word_1_185' title='bbox 375 3696 405 3742; x_wconf 80' lang='grc' dir='ltr'><strong>Α.</strong></span> <span class='ocrx_word' id='word_1_186' title='bbox 427 3702 450 3741; x_wconf 83' lang='lat' dir='ltr'><strong>et</strong></span> <span class='ocrx_word' id='word_1_187' title='bbox 471 3698 505 3741; x_wconf 84' lang='lat' dir='ltr'><strong>sic</strong></span> <span class='ocrx_word' id='word_1_188' title='bbox 523 3711 645 3753; x_wconf 84' lang='lat' dir='ltr'><strong>supersrr.</strong></span> <span class='ocrx_word' id='word_1_189' title='bbox 665 3699 690 3742; x_wconf 86' lang='lat' dir='ltr'><strong>in</strong></span> <span class='ocrx_word' id='word_1_190' title='bbox 709 3697 737 3744; x_wconf 88' lang='lat' dir='ltr'><strong>B.</strong></span> <span class='ocrx_word' id='word_1_191' title='bbox 774 3694 828 3756; x_wconf 69' lang='lat'><strong>(103</strong></span> <span class='ocrx_word' id='word_1_192' title='bbox 848 3692 932 3756; x_wconf 82' lang='lat' dir='ltr'><strong>arma]</strong></span> <span class='ocrx_word' id='word_1_193' title='bbox 951 3695 1074 3754; x_wconf 68' lang='lat' dir='ltr'><strong>arzuge.</strong></span> 
     </span>
     <span class='ocr_line' id='line_1_27' title="bbox 75 3759 1076 3836; baseline 0.001 -29"><span class='ocrx_word' id='word_1_194' title='bbox 75 3783 107 3794; x_wconf 89' lang='lat'>—</span> <span class='ocrx_word' id='word_1_195' title='bbox 124 3777 186 3810; x_wconf 79' lang='lat' dir='ltr'><strong>orco</strong></span> <span class='ocrx_word' id='word_1_196' title='bbox 203 3766 269 3812; x_wconf 81' lang='lat' dir='ltr'><strong>FPh.</strong></span> <span class='ocrx_word' id='word_1_197' title='bbox 316 3767 369 3822; x_wconf 84' lang='lat' dir='ltr'><strong>(tt)</strong></span> <span class='ocrx_word' id='word_1_198' title='bbox 390 3789 419 3799; x_wconf 83' lang='lat'><strong>-</strong></span> <span class='ocrx_word' id='word_1_199' title='bbox 439 3771 510 3811; x_wconf 75' lang='lat' dir='ltr'><strong>uocat</strong></span> <span class='ocrx_word' id='word_1_200' title='bbox 534 3766 565 3813; x_wconf 85' lang='lat' dir='ltr'><strong>P.</strong></span> <span class='ocrx_word' id='word_1_201' title='bbox 596 3765 691 3836; x_wconf 76' lang='lat' dir='ltr'><strong>(coptra</strong></span> <span class='ocrx_word' id='word_1_202' title='bbox 719 3769 781 3814; x_wconf 78' lang='lat' dir='ltr'><strong>cde.</strong></span> <span class='ocrx_word' id='word_1_203' title='bbox 807 3765 896 3820; x_wconf 82' lang='lat' dir='ltr'><strong>meos.)</strong></span> <span class='ocrx_word' id='word_1_204' title='bbox 918 3777 949 3810; x_wconf 65' lang='grc' dir='ltr'><strong>ε</strong></span> <span class='ocrx_word' id='word_1_205' title='bbox 970 3759 1076 3810; x_wconf 73' lang='lat' dir='ltr'><strong>audacis</strong></span> 
     </span>
     <span class='ocr_line' id='line_1_28' title="bbox 76 3828 1075 3897; baseline -0.001 -17"><span class='ocrx_word' id='word_1_206' title='bbox 76 3828 125 3881; x_wconf 77' lang='grc' dir='ltr'><strong>ΑΕ.</strong></span> <span class='ocrx_word' id='word_1_207' title='bbox 144 3835 272 3892; x_wconf 70' lang='lat' dir='ltr'><strong>(niutau</strong></span> <span class='ocrx_word' id='word_1_208' title='bbox 281 3831 498 3897; x_wconf 80' lang='lat' dir='ltr'><strong>caelum]BEGgs.</strong></span> <span class='ocrx_word' id='word_1_209' title='bbox 507 3839 574 3882; x_wconf 85' lang='lat' dir='ltr'><strong>-in</strong></span> <span class='ocrx_word' id='word_1_210' title='bbox 584 3853 606 3882; x_wconf 88' lang='lat' dir='ltr'><strong>c.</strong></span> <span class='ocrx_word' id='word_1_211' title='bbox 618 3837 705 3882; x_wconf 81' lang='lat' dir='ltr'>AFPb.</span> <span class='ocrx_word' id='word_1_212' title='bbox 726 3837 780 3894; x_wconf 81' lang='lat'><strong>(12)</strong></span> <span class='ocrx_word' id='word_1_213' title='bbox 793 3835 880 3881; x_wconf 76' lang='lat' dir='ltr'><strong>mundi</strong></span> <span class='ocrx_word' id='word_1_214' title='bbox 889 3833 984 3895; x_wconf 76' lang='lat' dir='ltr'><strong>uarios]</strong></span> <span class='ocrx_word' id='word_1_215' title='bbox 1002 3835 1075 3880; x_wconf 73' lang='lat' dir='ltr'><strong>Auta:</strong></span> 
     </span>
     <span class='ocr_line' id='line_1_29' title="bbox 77 3899 1075 3968; baseline -0.004 -15"><span class='ocrx_word' id='word_1_216' title='bbox 77 3899 135 3961; x_wconf 70' lang='lat'>(35⁵-</span> <span class='ocrx_word' id='word_1_217' title='bbox 147 3930 179 3941; x_wconf 92' lang='lat'><em>-</em></span> <span class='ocrx_word' id='word_1_218' title='bbox 198 3907 280 3953; x_wconf 72' lang='lat' dir='ltr'><strong>aerios</strong></span> <span class='ocrx_word' id='word_1_219' title='bbox 294 3908 360 3952; x_wconf 72' lang='lat' dir='ltr'><strong>eccla*</strong></span> <span class='ocrx_word' id='word_1_220' title='bbox 371 3907 395 3951; x_wconf 86' lang='lat' dir='ltr'><strong>b.</strong></span> <span class='ocrx_word' id='word_1_221' title='bbox 410 3932 443 3942; x_wconf 89' lang='lat'><strong>-—</strong></span> <span class='ocrx_word' id='word_1_222' title='bbox 462 3922 511 3955; x_wconf 88' lang='lat' dir='ltr'><strong>om.</strong></span> <span class='ocrx_word' id='word_1_223' title='bbox 525 3907 612 3952; x_wconf 78' lang='lat' dir='ltr'><strong>anundr&#39;</strong></span> <span class='ocrx_word' id='word_1_224' title='bbox 623 3910 652 3953; x_wconf 88' lang='lat' dir='ltr'><strong>P.</strong></span> <span class='ocrx_word' id='word_1_225' title='bbox 665 3905 754 3963; x_wconf 78' lang='lat' dir='ltr'><strong>(ibid.)</strong></span> <span class='ocrx_word' id='word_1_226' title='bbox 768 3904 930 3968; x_wconf 77' lang='lat' dir='ltr'><strong>cognoscere]</strong></span> <span class='ocrx_word' id='word_1_227' title='bbox 943 3905 1031 3950; x_wconf 75' lang='lat' dir='ltr'><strong>arrh.</strong></span> <span class='ocrx_word' id='word_1_228' title='bbox 1043 3931 1075 3938; x_wconf 96' lang='lat'>—</span> 
     </span>
     <span class='ocr_line' id='line_1_30' title="bbox 78 3975 1074 4038; baseline 0.004 -22"><span class='ocrx_word' id='word_1_229' title='bbox 78 3983 220 4030; x_wconf 54' lang='lat' dir='ltr'><strong>agnoscere,</strong></span> <span class='ocrx_word' id='word_1_230' title='bbox 236 3977 338 4038; x_wconf 81' lang='lat' dir='ltr'><strong>BEGgs.</strong></span> <span class='ocrx_word' id='word_1_231' title='bbox 376 3975 431 4035; x_wconf 84' lang='lat'>(1³)</span> <span class='ocrx_word' id='word_1_232' title='bbox 449 3978 529 4022; x_wconf 73' lang='lat' dir='ltr'><strong>scitam</strong></span> <span class='ocrx_word' id='word_1_233' title='bbox 546 3975 613 4036; x_wconf 75' lang='lat' dir='ltr'><strong>vitet]</strong></span> <span class='ocrx_word' id='word_1_234' title='bbox 631 3977 770 4036; x_wconf 72' lang='lat' dir='ltr'><strong>annegeb.</strong></span> <span class='ocrx_word' id='word_1_235' title='bbox 791 4001 824 4010; x_wconf 94' lang='lat'>-</span> <span class='ocrx_word' id='word_1_236' title='bbox 838 3976 907 4020; x_wconf 73' lang='lat' dir='ltr'><strong>‘citet&#39;</strong></span> <span class='ocrx_word' id='word_1_237' title='bbox 918 3978 1004 4023; x_wconf 75' lang='lat' dir='ltr'><strong>doctus</strong></span> <span class='ocrx_word' id='word_1_238' title='bbox 1024 3977 1074 4020; x_wconf 77' lang='lat' dir='ltr'><strong>FP.</strong></span> 
     </span>
     <span class='ocr_line' id='line_1_31' title="bbox 78 4033 1137 4108; baseline -0.002 -16"><span class='ocrx_word' id='word_1_239' title='bbox 78 4033 136 4102; x_wconf 82' lang='lat'>(¹5)</span> <span class='ocrx_word' id='word_1_240' title='bbox 153 4045 245 4108; x_wconf 71' lang='lat' dir='ltr'><strong>cauis}</strong></span> <span class='ocrx_word' id='word_1_241' title='bbox 266 4049 295 4096; x_wconf 79' lang='grc' dir='ltr'><strong>Α.</strong></span> <span class='ocrx_word' id='word_1_242' title='bbox 324 4047 422 4094; x_wconf 79' lang='lat' dir='ltr'><strong>firmans</strong></span> <span class='ocrx_word' id='word_1_243' title='bbox 441 4061 465 4108; x_wconf 74' lang='lat' dir='ltr'><strong>g.</strong></span> <span class='ocrx_word' id='word_1_244' title='bbox 486 4049 549 4094; x_wconf 86' lang='lat' dir='ltr'><strong>coni.</strong></span> <span class='ocrx_word' id='word_1_245' title='bbox 575 4048 600 4094; x_wconf 88' lang='lat' dir='ltr'><strong>b.</strong></span> <span class='ocrx_word' id='word_1_246' title='bbox 629 4071 661 4084; x_wconf 89' lang='lat'><strong>-</strong></span> <span class='ocrx_word' id='word_1_247' title='bbox 688 4047 748 4094; x_wconf 71' lang='lat' dir='ltr'><strong>tutia</strong></span> <span class='ocrx_word' id='word_1_248' title='bbox 773 4047 845 4094; x_wconf 78' lang='lat' dir='ltr'>BEG.</span> <span class='ocrx_word' id='word_1_249' title='bbox 867 4047 992 4096; x_wconf 43' lang='lat' dir='ltr'><strong>*taeta</strong></span> <span class='ocrx_word' id='word_1_250' title='bbox 1014 4048 1074 4108; x_wconf 78' lang='lat' dir='ltr'><strong>Pgs.</strong></span> <span class='ocrx_word' id='word_1_251' title='bbox 1134 4039 1137 4048; x_wconf 77' lang='lat'><em>&#39;</em></span> 
     </span>
    </p>
   </div>
   <div class='ocr_carea' id='block_1_8' title="bbox 0 0 1410 4750">
    <p class='ocr_par' dir='ltr' id='par_1_11' title="bbox 0 0 1410 4750">
     <span class='ocr_line' id='line_1_32' title="bbox 0 0 1410 4750; baseline 0 0"><span class='ocrx_word' id='word_1_252' title='bbox 0 0 1410 4750; x_wconf 95' lang='lat' dir='ltr'><strong> </strong></span> 
     </span>
    </p>
   </div>
  </div>
 </body>
</html>
