2788 4772
292 324 330 386 'lb

261 520 264 528 .
289 464 361 526 Hac
385 473 433 523 est
455 463 603 544 adgressa
626 439 787 544 gariulam
809 459 954 523 fallacia:
1026 521 1031 526 .

290 564 443 632 Dormire
466 564 539 648 quia
562 585 610 625 me
633 583 696 627 non
718 562 823 625 sinunt
844 574 954 625 cantus
976 561 1041 637 tui,
1142 595 1147 599 ·

289 673 412 734 Sonare
435 667 554 730 cithara
578 686 659 750 quos
681 675 774 747 putes
797 665 977 746 Apollinis,

289 774 413 836 Potare
435 782 482 861 est
505 768 626 832 animus
648 779 778 844 nectar,
804 771 891 850 quod
913 769 1020 832 Pallas
1044 769 1120 832 mibi

197 895 201 910 ¹
288 877 405 956 Nuper
428 872 574 945 donaria
597 871 624 933 si
646 892 711 934 non
731 870 872 946 fastidis,
900 873 990 948 veni3

292 979 364 1041 Una
388 976 543 1038 bibamus.
588 973 667 1048 Illa,
691 995 771 1057 quae
795 976 904 1036 arebat
926 974 994 1052 siti,
1268 976 1309 1038 15

291 1079 390 1143 Simul
413 1076 570 1162 coguovit
591 1098 703 1140 vocem
726 1075 849 1140 laudari
867 1099 976 1153 suam,

291 1180 416 1263 Cupide
439 1179 613 1246 advolavit.
658 1167 785 1242 Noctua
807 1201 937 1262 egressa
958 1202 976 1244 e
997 1202 1079 1248 cavo

292 1284 518 1365 Trepidantem
542 1292 724 1346 consectata
746 1293 794 1345 est
817 1293 848 1344 et
868 1282 935 1346 leto
958 1284 1055 1348 dedit.

291 1386 344 1451 Sic
367 1385 440 1450 viva
462 1388 549 1474 quod
570 1397 703 1470 negarat
723 1383 835 1449 tribuit
856 1397 995 1451 mortua.

684 1605 781 1666 [rau.
801 1606 901 1666 nme]

416 1754 635 1821 annones
657 1757 707 1818 m
731 1729 936 1821 unorum
959 1756 1165 1823 Turnum

334 1897 439 1972 Olim,
465 1917 542 1980 quas
566 1895 683 1957 vellent
704 1895 822 1959 esseio
843 1897 942 1959 tutela
964 1919 1038 1975 sua,

290 2001 369 2064 Divi
391 2000 537 2083 legerunt
558 2001 704 2061 arbores.
749 1998 896 2078 Quercus
918 2000 993 2064 Iovi
1085 2043 1087 2047 -

291 2105 336 2167 Et
359 2114 477 2182 myrtus
501 2099 623 2164 Veneri
644 2101 945 2182 placuit,·Pboebo
967 2105 1094 2181 laurea,

290 2206 391 2271 Pinus
415 2203 586 2284 Cybebae,
609 2204 748 2286 populus
771 2203 857 2284 celsa
878 2207 1026 2270 Herculi.

292 2309 444 2373 Minerva
468 2307 641 2383 admirans,
667 2329 765 2391 quare
787 2306 911 2371 steriles
933 2324 1111 2389 sumerent,
1281 2315 1302 2378 5
1381 2292 1382 2299 1

290 2410 521 2494 Interrogavit.
567 2409 704 2476 Causam
727 2408 806 2472 dixit
827 2411 997 2493 luppiter:

290 2519 459 2581 Honorem
481 2514 587 2576 fructu
609 2535 648 2576 ne
670 2512 833 2576 videamur
855 2518 1007 2580 vendere.

289 2622 337 2685 At
357 2617 552 2680 mehercules
574 2616 715 2679 narrabit
736 2621 823 2702 quod
845 2618 914 2702 quis
936 2619 1093 2696 volucrit,

290 2800 329 2861 (9)
347 2825 380 2834 -
408 2799 530 2843 contemni
547 2798 608 2844 data
634 2799 665 2843 N.
712 2797 766 2854 (11))
785 2825 817 2834 -
829 2796 937 2860 fallatia
958 2803 987 2848 P.
1034 2801 1090 2861 (11)
1108 2821 1142 2840 ··
1158 2804 1194 2851 D.
1217 2821 1299 2866 paam

291 2874 366 2928 (nonz
395 2869 521 2930 quoniam)
540 2884 588 2914 non
609 2883 632 2916 a.
656 2869 686 2913 N.
713 2867 768 2926 (12)
787 2895 820 2904 -
835 2876 912 2927 putas
931 2874 1058 2932 Bougarsii
1079 2887 1145 2930 susp.
1165 2900 1198 2912 -
1216 2877 1296 2935 Apol.

289 2942 367 2986 linem
387 2941 470 2984 Burm.
491 2936 536 2996 (-
553 2939 683 2996 Apollonia
705 2939 734 2982 P.
748 2953 811 2996 apr.
826 2943 918 2998 manu.)
932 2957 1022 2987 -orn.
1041 2958 1064 2987 v.
1081 2942 1122 2988 12.
1137 2944 1168 2990 N.
1189 2944 1295 3005 (1.1)-

286 3017 376 3069 potare
393 3011 418 3054 ei
437 3024 478 3057 aa.
497 3008 526 3057 N.
550 3024 563 3054 e
584 3011 703 3065 scriptura
723 3015 847 3066 potarent.
891 3009 944 3068 (15)
967 3011 1064 3073 arebat]
1084 3013 1114 3059 N.
1137 3037 1166 3047 -
1186 3015 1295 3062 ardebat

290 3082 320 3126 P.
344 3081 373 3124 11.
395 3093 418 3136 p.
438 3081 464 3124 S.
501 3080 547 3128 Sed
572 3079 671 3124 verbum
695 3079 836 3137 exquisitius
865 3081 965 3126 Perotto
995 3084 1162 3139 interpolatori
1191 3088 1293 3132 minime

232 3163 236 3172 “
289 3151 358 3194 vafro
382 3151 490 3210 equidem
517 3163 565 3192 nou
590 3150 697 3208 adsigno.
735 3148 789 3205 (16)
818 3175 851 3184 -
879 3151 961 3196 Simul
982 3151 1109 3213 gaudebat
1135 3153 1166 3200 N.
1199 3169 1230 3200 ex
1255 3157 1293 3200 in·

289 3220 377 3275 terpol.
397 3233 481 3276 parum
500 3220 619 3264 intellecta
638 3221 723 3274 partic.
743 3221 822 3265 simul
845 3236 888 3277 pro
907 3222 984 3268 nimai
1001 3237 1041 3266 ac.
1078 3219 1135 3279 (17)
1153 3238 1263 3285 egressa
1279 3239 1293 3268 e

290 3286 360 3348 ravo]
379 3290 410 3334 N.
434 3303 457 3344 p.
475 3291 500 3333 S.
521 3311 554 3323 -
572 3301 680 3349 egressa
701 3303 761 3334 caco
785 3291 814 3334 P.
839 3292 869 3335 11.
893 3292 947 3351 lug.
989 3290 1044 3350 (18)
1063 3291 1239 3353 trepidantem]
1259 3296 1292 3339 P.

290 3361 321 3404 11.
341 3358 369 3402 Ν.
392 3374 416 3416 p.
439 3358 503 3403 Zell.
528 3382 560 3391 -
588 3359 751 3415 crepitantem
776 3361 859 3406 lleius.
890 3362 915 3406 S.
936 3364 1044 3416 Verum,
1076 3377 1147 3420 quum
1166 3365 1293 3422 aufugiunt

291 3431 384 3476 cicadae
403 3431 436 3484 (id
454 3430 516 3486 quod
535 3427 682 3487 significatur
697 3443 720 3472 v.
740 3431 908 3485 consectata),
928 3432 1025 3476 minime
1044 3433 1177 3489 crepitant.

342 3500 402 3544 Fae.
423 3498 505 3542 nvn.
541 3497 580 3556 (3)
600 3509 631 3540 =
651 3504 750 3556 myrtos
766 3501 796 3545 Ρ.
816 3501 846 3546 11.
867 3502 910 3556 (-
927 3500 1005 3545 Poebo
1023 3501 1053 3544 P.
1075 3502 1105 3546 11.
1126 3527 1159 3536 -
1178 3501 1292 3548 Phoebas

291 3570 322 3616 N.
349 3574 408 3614 teste
429 3570 550 3624 Dorvlll.;
582 3568 718 3624 neutiquam
744 3583 802 3614 vero
827 3576 886 3616 teste
910 3569 988 3621 lanu.)
1033 3571 1117 3626 (thid.)
1140 3573 1230 3617 laurae
1258 3573 1289 3618 N.

269 3671 271 3680 .
291 3638 329 3696 (l)
346 3638 425 3684 Pinus
443 3635 571 3697 Cybebae,
588 3636 708 3696 populas]
726 3641 810 3688 Burin.
829 3641 855 3685 S.
875 3639 918 3694 (-
936 3639 1014 3686 Pinus
1028 3637 1108 3684 Gibele
1126 3640 1193 3698 (sic),
1209 3656 1291 3700 popu·

289 3711 331 3758 lue
350 3723 372 3764 p.
391 3707 484 3764 tacite.)
501 3733 534 3742 —
551 3705 629 3751 Pinus
648 3704 760 3766 Cybebae
774 3712 883 3768 popalus
902 3724 1023 3766 saporare.
1048 3710 1164 3756 vocabulo
1180 3714 1292 3769 populat

291 3781 368 3838 gloss.
389 3785 472 3834 postea
491 3780 610 3834 deletum;
628 3776 753 3835 Neptuno.
773 3780 803 3823 11.
818 3780 895 3824 Hinc:
915 3804 947 3813 —
966 3778 1044 3824 Pinus
1058 3777 1158 3835 Gibebe,
1177 3781 1293 3839 Neptuno

289 3849 397 3907 populus
420 3849 466 3894 P.:
501 3848 540 3906 qai
565 3848 619 3892 fons
640 3853 678 3892 est
698 3849 807 3894 lectionis
831 3849 877 3893 N.:
901 3848 980 3895 Pione
1006 3849 1138 3906 Neptuno,
1170 3852 1289 3909 popular.

292 3918 358 3974 Ergo
389 3933 417 3962 ne
446 3918 489 3962 boc
525 3918 619 3976 quidem
643 3919 697 3962 loco
723 3920 920 3974 interpolatorem
948 3921 1059 3964 consulto
1086 3920 1134 3978 egit
1163 3921 1287 3966 Perottus.

193 4005 195 4012 ⁴
292 3985 332 4050 (5)
351 4011 383 4022 ·-
401 3989 542 4035 amenirane
559 3988 588 4040 P.
605 3988 635 4034 ll.
658 3998 689 4035 ..τ
710 3990 807 4038 eteritis
820 3988 866 4045 11.,
886 3991 925 4048 qui
938 3991 1008 4048 prob.
1022 3990 1138 4036 lanneltio
1156 3991 1191 4036 sic
1206 3990 1288 4042 distin·
