2796 4746
1099 399 1140 461 55

140 541 162 576 *
194 533 329 610 Reddit,
353 555 418 599 non
437 533 561 617 perdit,
586 535 642 621 qui
659 557 748 599 snum
775 531 918 622 quoique
940 534 1066 601 tribuit.

140 644 163 679 *
194 638 256 700 Sua
275 637 331 723 qui
349 649 474 715 servet,
496 638 563 702 suis
582 649 691 702 servat
713 638 907 704 eommunia.
1100 639 1142 702 90

192 739 277 804 Satis
299 752 347 804 est
368 742 495 805 hostem
520 763 691 824 superam
714 741 875 806 nimiumst
891 745 1043 825 perdere.

192 846 355 926 Suspioax
375 843 497 908 animus
520 843 661 910 omnium
682 848 809 909 damnat
828 847 940 910 fidem.

192 946 342 1032 Suspicio
373 950 482 1030 probo
509 948 634 1013 homini
666 948 869 1032 (probatiori
895 948 1095 1032 probotoi)

653 1050 752 1116 tacita
774 1050 935 1118 iniuriast·

193 1151 276 1220 Satis
295 1151 463 1231 disertust,
486 1177 504 1219 e
528 1175 594 1242 quo
615 1155 762 1240 loquitur
783 1154 916 1220 veritas.

193 1259 270 1322 Tuti
293 1270 366 1322 sunt
388 1281 514 1335 omnes,
538 1281 618 1322 unus
639 1258 697 1321 nbi
719 1257 914 1324 defenditur.
1097 1259 1139 1326 95

192 1361 259 1427 Ubi
278 1362 411 1427 libertas
434 1361 568 1438 cecidit,
592 1365 686 1426 audet
705 1383 800 1426 nemo
824 1361 931 1450 loqui.

190 1465 271 1530 Vita
292 1463 398 1533 otiosa
416 1476 582 1550 regnutnst
604 1476 636 1529 et
659 1479 764 1532 eurae‘
779 1464 929 1549 minus1).

191 1568 257 1634 Ubi
272 1590 382 1634 omnes
399 1579 551 1652 peceant,
574 1585 646 1652 spes
664 1569 814 1655 querelae
829 1569 970 1637 tollitur.

146 1673 167 1709 'i‘
190 1675 236 1738 Ut
256 1673 366 1756 plures
386 1672 611 1758 corrigantur,
631 1671 694 1736 rite
708 1673 834 1756 (reete)
854 1696 933 1738 unus
954 1673 1086 1758 perit2).

146 1785 166 1820 ⁸⁸
192 1775 318 1840 Virtuti
337 1775 425 1842 omni
446 1774 674 1859 impedimento
698 1776 798 1840 falsus
819 1788 866 1842 est
884 1781 1005 1862 pudor.
1098 1779 1141 1843 30

190 1879 257 1945 Ubi
272 1879 414 1958 iudicat,
436 1877 496 1965 qni
519 1891 664 1956 accusat,
688 1878 754 1958 vis,
778 1901 843 1945 uon
865 1880 937 1959 lex,
959 1881 1059 1947 valet.

144 1985 166 2024 ⁴
190 1983 258 2050 Ubi
276 1969 361 2050 emas
382 1981 500 2061 aliena,
524 1982 691 2071 disperdes
712 2005 839 2068 semper
858 1995 925 2050 tua.

204 2175 379 2240 Praeterea
393 2161 528 2258 egregie
543 2162 723 2250 restituitur
734 2187 769 2238 t.
789 2170 863 2238 758.
885 2172 1019 2243 ‚Orellit
1044 2171 1139 2256 (cfr.

147 2275 302 2343 Bothium
321 2299 359 2359 p.
379 2276 471 2356 257.)

156 2455 159 2458 .
191 2399 256 2466 Ubi
275 2398 320 2464 nil
339 2398 484 2477 timetur,
508 2402 598 2484 quod
615 2398 783 2477 timeatur,
805 2398 962 2467 nascitur.

212 2590 330 2658 Codex
348 2600 452 2654 autem
473 2587 666 2654 Basileeusie
688 2591 746 2654 has
765 2587 971 2674 potissimum
991 2593 1140 2656 emenda·

145 2693 251 2760 tiones
273 2691 554 2758 sumministravitt

189 2819 319 2882 Bonum
331 2819 487 2902 quodest,
503 2813 725 2898 supprimitur,
741 2815 1139 2903 uunquamexstinguitur.

189 2919 297 2985 Breve
319 2917 475 2984 venenum
494 2917 565 3003 ipsa
586 2931 636 2984 est
655 2920 811 2985 memoria
832 2919 1028 2985 iracundiae.
1098 2919 1139 2983 35

188 3022 344 3088 Facilitas
361 3022 457 3086 animi
475 3025 515 3086 ad
532 3034 657 3106 partem
676 3022 828 3088 stultitiae
848 3023 946 3108 sapit.

188 3126 285 3194 Facit
306 3137 431 3212 gratum
454 3126 620 3203 Fortuna,
643 3147 741 3212 quum
759 3148 853 3192 nemo
878 3125 981 3191 videt.

188 3234 334 3298 Fortuna
350 3233 521 3294 humanum
540 3230 727 3316 plusquam
750 3229 918 3295 eonsilium
939 3228 1038 3294 valet.

189 3333 345 3399 Graviust
361 3334 494 3413 malum,
518 3331 604 3400 comi
623 3335 712 3418 quod
735 3344 867 3416 aspectu
892 3332 982 3397 latet.

108 3473 112 3486 i
187 3439 365 3524 Ignoscere
376 3438 588 3514 hominumst,
603 3435 665 3501 nisi
676 3439 776 3521 pudet
787 3435 866 3523 quoi
877 3433 1072 3523 ignoscitur.
1096 3438 1138 3500 do

503 3575 775 3656 *u*

207 3719 388 3787 Admonuit
401 3742 451 3786 me
464 3742 568 3805 nuper
583 3720 725 3803 optimus
741 3719 861 3784 amiens
872 3715 1034 3785 Bardilius
1045 3717 1136 3806 prin-

144 3822 250 3909 cipem
269 3823 440 3890 editionem
450 3823 647 3904 fiermanici
663 3821 800 3908 proprie
815 3845 881 3888 non
897 3844 965 3888 esse
977 3827 1136 3888 Venetam
1190 3875 1196 3890 .

198 4007 224 4067 1)
242 4012 270 4057 ld
287 4015 339 4057 est:
359 4015 403 4065 ¹,et
419 4010 444 4056 in
462 4009 542 4054 otiosa
559 4011 608 4056 vita
626 4013 753 4066 praeterea
770 4009 849 4052 minut
866 4021 938 4052 curae
960 4013 998 4055 eet
1018 4022 1089 4069 quern
1111 4009 1136 4053 in

142 4081 244 4140 regno.”
280 4079 310 4140 2)
328 4081 377 4129 rito
395 4085 419 4128 et
437 4085 503 4127 reete
520 4080 544 4126 in
563 4081 640 4128 Codd.
661 4080 748 4138 ubique
767 4084 942 4137 per-mutantur.

710 4307 731 4344 x
