2796 4746
725 503 825 568 [rur.
849 505 933 568 xva]

555 633 764 702 AESOPUS
791 637 854 702 ΕΤ
881 583 1087 704 nummu.

529 775 621 848 Quam
647 785 756 850 noceatv
781 793 863 850 caepe
888 795 987 832 verrem
1015 779 1116 835 dicere.

373 917 524 1000 Aesopus
547 916 637 1000 turpi
658 938 755 1004 quum
774 917 913 982 serviret
935 918 1089 994 feminae,

331 1021 421 1104 Quae
441 1042 474 1085 se
497 1018 703 1104 expingendo
723 1031 826 1085 totum
847 1020 1019 1085 intricabat
1039 1021 1139 1098 diem,

327 1126 479 1201 Vestem,
501 1122 651 1204 uniones,
672 1144 801 1199 aurum,
824 1135 991 1208 argentum
1012 1137 1165 1202 sumeret,

326 1227 399 1291 Nec
415 1224 575 1291 inveniret
596 1224 700 1310 digito
722 1225 778 1312 qui
799 1248 833 1290 se
853 1238 1017 1312 tangerct3

324 1329 462 1395 Licetne
484 1326 610 1413 paucis,
631 1327 758 1414 inquit?
800 1329 912 1394 Dicas.
957 1329 1100 1408 Censeo,

325 1433 464 1516 Quidvis
488 1430 626 1508 efficies,
650 1431 769 1496 cultum
790 1430 818 1495 si
840 1433 1043 1514 deposueris.

313 1538 461 1602 ,Adeone
481 1557 542 1620 per
563 1556 612 1599 me
634 1533 750 1600 videor
769 1532 831 1598 tibi
853 1535 1060 1600 meliuscula?

323 1641 447 1716 Immo,
470 1637 531 1702 nisi
553 1636 696 1715 dederis,
722 1639 849 1720 sponda
869 1639 1006 1702 cessabit
1024 1651 1091 1704 tua.

323 1743 372 1808 At
391 1763 458 1807 nou
480 1744 648 1807 cessabunt
667 1740 787 1817 latera,
809 1743 998 1824 respondit,
1020 1753 1092 1821 tua;

322 1847 368 1912 Et
391 1843 562 1930 obiurgari
581 1842 673 1907 iussit
694 1863 822 1906 servum
846 1845 1023 1928 garrulum.

281 2003 286 2018 .
322 1951 406 2014 Post
427 1947 525 2032 paulo
548 1945 703 2010 armillam
723 1943 811 2010 tollit
831 1945 886 2010 fur
906 1959 1103 2032 argenteam.

324 2053 407 2118 Eam
426 2071 493 2116 nou
515 2070 670 2134 apparere
692 2059 727 2112 ut
749 2047 869 2112 dictum
889 2062 937 2114 est
956 2051 1099 2128 mulieri,

323 2157 452 2221 Furore
474 2153 569 2238 plena
589 2165 687 2218 vocat
710 2173 820 2218 omnes
842 2164 877 2215 et
900 2155 1038 2218 verbera

283 2312 285 2323 ,
322 2255 489 2341 Proponit
515 2253 645 2342 gravia,
668 2277 778 2320 verum
800 2253 911 2320 sinon
933 2253 1086 2321 dixerint.

320 2359 406 2426 Aliis
424 2357 564 2437 minare,
584 2357 707 2444 inquit,
728 2379 778 2422 me
800 2378 866 2422 non
886 2356 996 2436 falles,
1017 2361 1115 2425 herae
1163 2367 1168 2386 '

319 2461 450 2551 Flagris
471 2485 540 2528 sum
564 2483 690 2539 caesus,
713 2481 826 2526 verum
848 2459 922 2547 quia
942 2460 1014 2526 dixi
1035 2467 1147 2532 modo.

705 2689 805 2750 [rsa.
829 2688 926 2751 amr}

354 2811 539 2878 smnus
558 2808 771 2876 uncmcu
796 2812 829 2876 u
850 2811 1047 2878 anninus
1069 2812 1269 2883 vacam.
1385 2885 1386 2902 ᾗ

374 2955 501 3008 tumeam
510 2957 692 3006 securitatem
702 2969 784 3022 saepe
795 2955 826 3004 tn
835 2952 990 3023 periculum
1002 2950 1127 3006 homiues
1137 2955 1248 3014 ducere.

359 3084 455 3152 Feles
477 3086 617 3149 habebat
638 3083 741 3169 gallus
761 3080 958 3148 lecticarios.

319 3185 423 3254 Hunc'
440 3186 585 3274 gloriose
604 3187 717 3271 vulpes
737 3197 773 3250 ut
792 3184 876 3250 vidit
894 3186 988 3265 vehi,

322 3289 377 3357 sie
397 3301 445 3356 est
465 3290 595 3357 locuta:
618 3290 746 3356 Moneo
767 3309 961 3372 praecaveas
981 3289 1110 3358 dolum:

371 3469 432 3514 Fas.
451 3465 521 3517 XVI.
541 3483 544 3490 ·
569 3462 608 3524 (2)
625 3465 694 3510 Fort.
713 3463 846 3510 intricaret
869 3463 916 3509 Oa.
972 3459 1016 3528 (3)
1041 3463 1150 3528 Vectem]
1172 3467 1299 3530 Exemplar

319 3540 404 3585 llum.
424 3538 444 3583 1.
465 3538 494 3582 z.
520 3559 554 3570 -·
578 3534 665 3582 Vestes
682 3536 739 3579 Vct.
759 3532 835 3590 Neap.
882 3532 921 3594 (8)
938 3535 1058 3594 caecabit]
1074 3537 1158 3586 Bur-m.
1178 3542 1200 3586 l.
1217 3543 1248 3588 z,
1267 3565 1298 3578 .-

276 3599 280 3605 ’
319 3608 429 3654 ccccucr't
447 3609 503 3652 Vct.
523 3605 600 3662 Neap.
654 3604 712 3660 (11)
736 3603 795 3648 Post
806 3604 896 3662 paullo
912 3606 1042 3650 orruttlum
1060 3609 1124 3654 tollit
1137 3605 1190 3668 sur
1207 3625 1298 3672 urgan.

318 3676 395 3736 tecm]
414 3678 454 3726 Sic
471 3676 557 3731 scripsi
576 3676 604 3720 de
623 3676 686 3719 eoui.
705 3688 767 3734 meu.
792 3694 827 3708 -
850 3673 938 3718 Paullo
952 3681 1011 3735 post
1026 3677 1157 3723 aracillum
1177 3683 1241 3725 tollit
1257 3695 1298 3724 or-

316 3754 434 3812 gsnteam
454 3749 510 3792 Vat.
529 3745 605 3800 Neap.
677 3741 732 3802 (12)
761 3740 835 3801 Eum]
858 3737 881 3788 l.
909 3745 940 3790 z.
978 3765 1008 3778 ·-
1045 3743 1127 3807 Quom
1149 3751 1205 3796 Vct.
1224 3751 1297 3807 Nsap.

320 3817 378 3880 (13)
396 3822 466 3863 vocat
478 3829 581 3870 omnes,
601 3819 625 3858 ct
637 3813 741 3858 cerbero
756 3809 885 3872 Proponit]
897 3813 927 3858 C.
938 3815 967 3860 Z.
979 3813 1064 3875 (Mai.)
1082 3841 1115 3853 -.
1133 3827 1204 3865 Μαι
1219 3822 1299 3866 mm

256 3891 260 3904 '
319 3887 355 3935 od
371 3887 489 3945 corbem
512 3884 632 3941 Proponit
648 3886 704 3929 Vct.
722 3883 772 3936 (hic
786 3883 938 3940 praeponit).
975 3883 1029 3942 (15)
1039 3884 1134 3948 sotlec]
1150 3896 1176 3935 ut
1192 3891 1297 3937 ccciccc·
1382 3859 1383 3951 i

317 3973 386 4013 ram,
404 3959 461 4002 vu.
481 3980 514 3991 -
525 3952 604 4015 sullis
622 3953 699 4010 Neap.
735 3951 821 4014 (ibid.)
837 3949 910 4014 lucro]
929 3955 968 4000 Sic
980 3957 1066 4012 scripsi
1078 3959 1108 4004 dc
1119 3973 1173 4006 rnca
1188 3963 1250 4006 coci.
1265 3983 1295 3994 —

320 4034 388 4072 certe
406 4029 461 4074 vat.
480 4025 556 4081 Neap.
576 4048 609 4059 —·
626 4023 725 4083 quidam
744 4023 764 4070 l.
802 4052 804 4063 .
