2768 4750
393 1059 773 1140 GERMANICI
813 1059 1142 1140 CAESARIS

316 1269 844 1355 PROGNOSTICORUM
881 1271 1213 1356 uinulentum

685 1475 864 1488 “On-⁸

637 1598 650 1615 .
751 1579 813 1668 L·-

308 1775 470 1839 Grandine
491 1776 667 1858 permixtas
690 1773 789 1837 Aries
811 1772 1000 1854 nivibusque
1023 1769 1151 1832 caducis

265 1877 399 1963 Spargit
420 1878 539 1941 vicinas
562 1899 660 1959 supra
682 1877 756 1962 iuga
777 1876 878 1939 tristia
901 1876 1016 1938 nubes.

268 1984 395 2044 Taurus
416 1991 525 2063 portat
548 2001 644 2063 aquas
667 1991 698 2043 et
722 1991 833 2044 ventos
858 1978 975 2060 excitat
998 1997 1100 2040 acres.

265 2081 411 2148 Fulmina
434 2094 510 2146 tune
532 2085 649 2146 crebro
671 2081 827 2146 iaculatur
849 2081 997 2164 Iuppiter
1021 2092 1052 2142 et
1073 2092 1149 2144 tune

263 2187 395 2252 Intonat
416 2185 537 2250 emissis
560 2186 734 2250 violentior
755 2185 883 2271 ignibus
907 2185 1028 2248 aether.
1255 2191 1276 2252 5

262 2291 311 2355 At
332 2290 476 2353 Geminis
498 2290 611 2352 leviter
633 2289 828 2372 perstridant
851 2289 975 2350 caerula
1000 2287 1104 2366 venti,

262 2393 370 2458 Rarus
385 2407 423 2458 ‘et
445 2393 476 2454 in
498 2404 601 2455 terras
624 2394 713 2456 caelo
737 2391 911 2454 demittitur
932 2393 1060 2454 humor.
1109 2382 1111 2398 '
1139 2455 1144 2460 ,

264 2495 382 2561 Omnia
403 2495 571 2558 mitescunt
592 2495 763 2579 tranquillo
786 2495 890 2558 sidere
913 2493 1049 2568 Caneri;

263 2599 376 2663 Siccus
398 2599 459 2663 erit
482 2603 574 2674 Leo,
600 2599 770 2680 praecipue
793 2619 889 2682 quum
912 2609 1044 2680 pectora
1066 2598 1205 2663 fervent.

263 2701 372 2787 Virgo
394 2701 495 2765 refert
516 2701 641 2782 pluvias
663 2713 694 2764 et
713 2712 884 2782 permovet
906 2702 982 2762 ae'ia
1005 2701 1119 2765 ventis.
1234 2705 1277 2768 to

156 2827 161 2836 ‘
261 2803 384 2867 Lenius
407 2815 454 2866 est
476 2804 597 2866 Librae
620 2804 764 2887 siguum3
788 2804 844 2866 vix
865 2815 956 2866 roret
975 2803 1008 2866 in
1028 2803 1098 2870 illo.

312 3023 495 3070 Pronnosrtcn.
517 3025 537 3068 Ι.
575 3025 668 3070 Habent
690 3025 736 3070 hoe
763 3025 923 3083 fragmentum
944 3025 1004 3070 Cdd.
1027 3027 1101 3072 BEG.
1147 3027 1223 3074 Abest
1240 3032 1271 3074 ab

259 3092 333 3140 ΑΠ’.
374 3091 416 3151 (1)
441 3092 599 3154 permixtus]
631 3097 658 3140 de
691 3108 717 3154 g.
749 3096 842 3140 emend.
871 3095 909 3140 sb.
943 3115 972 3127 -
1000 3097 1148 3153 permixtus
1176 3099 1270 3158 BEGg.

259 3161 300 3219 (2)
318 3165 347 3209 dn
369 3177 395 3222 g.
418 3164 481 3209 enni.
507 3163 545 3212 uh.
566 3189 599 3199 —-
617 3163 749 3226 Spargant
771 3165 855 3209 vicina
881 3165 964 3210 tristis
988 3179 1069 3224 supra
1096 3168 1159 3228 iuga
1184 3170 1271 3224 piu-ie

258 3232 349 3292 BEGg‘.
378 3233 475 3290 (pisces
501 3231 546 3292 E.)
602 3231 639 3291 (3)
665 3233 750 3294 neree]
777 3235 805 3280 de
830 3248 855 3292 g.
878 3236 942 3279 coni.
963 3235 1000 3280 sb.
1021 3260 1055 3270 -
1085 3237 1156 3282 aries
1176 3239 1268 3298 nnus.

258 3300 298 3358 (4)
315 3301 432 3348 Fulmina
446 3301 514 3362 tune]
533 3306 561 3349 de
574 3317 599 3363 g.
617 3307 711 3349 emend.
728 3305 766 3350 sb.
780 3329 813 3339 -
824 3302 943 3348 Fulmina
955 3311 1007 3349 tum
1018 3306 1107 3366 BEGg.
1146 3307 1182 3364 (5)
1192 3310 1269 3354 emie-

258 3368 309 3432 eir]
326 3373 358 3418 Ε.
377 3385 391 3416 u
408 3385 458 3418 rer.
474 3387 560 3428 manu,
594 3379 619 3418 nt
640 3374 737 3418 volebat
761 3387 785 3434 g.
809 3373 848 3422 sb.
870 3395 900 3406 -
919 3375 1030 3421 emireus
1050 3376 1092 3421 BE
1111 3377 1137 3432 (u
1159 3391 1198 3434 pr.
1222 3377 1269 3434 m.)

259 3441 307 3502 Gg.
344 3439 383 3501 (7)
401 3465 434 3477 --
453 3440 587 3488 dimittitur
606 3442 653 3503 Gg.
674 3449 756 3488 eontra
774 3444 855 3489 BEsb.
905 3443 943 3502 (9)
961 3443 1046 3504 quum]
1063 3450 1091 3492 de
1112 3460 1137 3506 g.
1158 3449 1222 3493 enni.
1242 3451 1267 3494 b.

258 3512 302 3558 eui
317 3511 422 3570 megs.
457 3510 515 3570 (11)
534 3512 616 3573 rorat]
635 3517 663 3558 de
681 3526 707 3572 g.
725 3515 789 3558 coni.
809 3514 848 3560 sb.
868 3537 901 3551 -·-
920 3515 1083 3576 roreBEGg.
1120 3515 1176 3573 (12)
1195 3518 1269 3562 Seur-

234 3579 445 3642 2pto21nncgs.
466 3603 499 3621 -n
517 3581 638 3640 Scorpiur
656 3584 680 3627 b.
727 3578 815 3644 (ibid.)
834 3582 948 3644 assidue]
971 3584 1074 3646 BEGgs.
1094 3595 1132 3632 ω
1149 3587 1269 3632 deciduos

257 3653 288 3698 de
310 3664 336 3711 g.
364 3653 428 3697 coni.
457 3650 482 3696 b.
510 3661 541 3696 =
572 3652 643 3712 ignia
664 3652 754 3712 sssscg.
798 3650 851 3709 (13)
877 3653 973 3699 Omittit
998 3667 1037 3700 vv.
1062 3652 1103 3700 13.
1128 3661 1151 3700 et
1178 3655 1218 3702 14.
1238 3658 1266 3702 B.

257 3718 345 3778 (thid.)
363 3721 505 3780 implerier
528 3722 615 3780 turgio
634 3722 727 3768 inuenit
744 3736 805 3767 arun
827 3721 920 3783 quieta]
944 3725 984 3769 Sir
1004 3724 1054 3784 Gg.
1072 3748 1105 3759 -
1125 3727 1267 3785 inplumes

257 3791 343 3850 magis
361 3791 455 3837 invenit
476 3804 538 3836 arva
553 3797 608 3836 etur
627 3783 687 3852 (sir)
705 3792 737 3836 Ε.
756 3801 795 3838 ew
812 3793 839 3836 in
858 3793 959 3850 pluvius
977 3796 1073 3848 venien
1096 3795 1182 3856 inagis
1206 3811 1267 3842 areu

257 3860 341 3922 quieta
359 3862 388 3906 de
412 3875 437 3920 g.
466 3861 530 3907 coni.
554 3861 579 3906 b.
600 3885 632 3895 -
651 3863 679 3907 in
693 3861 796 3921 pluviae
817 3863 902 3922 magis
926 3864 1027 3922 impetet
1054 3877 1116 3909 arra
1140 3867 1223 3924 quieta
1243 3881 1264 3911 s.

258 3930 322 3977 enni.
360 3927 415 3988 (ld)
434 3938 519 3977 truces
537 3929 612 3990 renti}
625 3933 653 3976 de
672 3946 696 3992 g.
717 3933 780 3977 enni.
794 3931 832 3978 sb.
853 3956 886 3968 -
905 3934 986 3978 trucis
1005 3940 1091 3980 rentur
1104 3935 1173 3994 EGg.
1210 3933 1265 3992 (15)

256 3997 326 4048 Rara
339 3997 501 4061 Sagittifero]
519 4003 548 4046 de
569 4013 594 4060 g.
615 4003 678 4048 coni.
699 4002 737 4047 sb.
758 4021 787 4034 -
807 4000 877 4047 Rura
890 3998 1040 4064 ‘Sagittiferi
1059 4003 1089 4049 E.
1113 4026 1141 4038 -
1162 4005 1263 4065 Sagitti-
