2796 4746
349 985 353 998 ,
446 941 555 1018 cun.
585 941 826 1019 suuuusu
853 941 967 1019 srur
994 905 1212 1019 uuuuuu.

742 1101 927 1114 *

329 1175 483 1242 (Descriptus
503 1195 517 1226 e
534 1181 685 1226 Fsrdinundo
704 1155 837 1226 Hunthnlio'
849 1181 878 1225 ub
907 1184 1036 1241 sudemque
1055 1196 1107 1228 enm
1125 1182 1188 1228 Pith.
1209 1179 1326 1238 collatus.)

331 1311 459 1412 Incipit.
483 1331 563 1394 Per.
587 1327 748 1413 virgilium
771 1327 851 1406 (sie,
886 1329 947 1392 sed
973 1351 998 1391 a
1023 1330 1172 1393 secunda
1200 1331 1325 1406 mauu.)

310 1480 312 1492 .
372 1433 499 1496 veneris
517 1433 675 1496 trueaico.
700 1442 802 1496 metro
825 1445 897 1495 sum
919 1452 998 1526 vero
1023 1445 1145 1497 versus.
1169 1435 1286 1498 XXII.

330 1603 413 1668 Cres
445 1613 527 1666 amet
560 1603 804 1686 quivnunquam
840 1601 990 1666 amabit
1021 1602 1139 1688 quique
1172 1603 1323 1668 amavit.
1380 1577 1381 1614 ³

962 1727 1051 1768 cras
1074 1717 1158 1770 amet

331 1813 402 1876 Ver
417 1831 534 1876 nouum
552 1810 705 1874 veriam
721 1831 886 1874 ranorum.
912 1830 1009 1872 vere
1032 1810 1324 1874 natusiovisest

333 1915 422 1978 Vere
445 1914 640 1982 concordant
662 1933 835 1976 amores.
879 1933 956 1976 vere
979 1913 1129 1976 erubunt
1151 1913 1256 1978 alites.

329 2017 374 2080 Et
397 2035 678 2080 nemuseomam
701 2015 882 2080 resolvit
904 2017 943 2080 de
965 2015 1086 2079 maritis
1108 2015 1264 2082 imbribus

310 2119 413 2184 ‚Cras
435 2141 612 2185 amorum
635 2119 832 2202 copulatrix.
877 2118 960 2183 inter
981 2121 1107 2183 umbras
1128 2122 1280 2206 arborum

330 2223 468 2305 luplira't
491 2243 592 2309 gaza
614 2221 807 2286 virentis.
848 2224 890 2286 'de
911 2223 1041 2308 flagello
1065 2221 1212 2288 mirteu

333 2326 415 2392 Cras
438 2327 532 2391 dione
553 2329 621 2390 iura
645 2325 719 2390 dicit
740 2325 868 2388 fultas
890 2326 1064 2390 sublime
1086 2338 1183 2392 trono

332 2430 414 2500 Cras
437 2442 519 2494 amet
542 2430 595 2513 qni
619 2450 777 2514 nunquam
799 2427 928 2492 arnavit.
952 2430 1101 2514 quique
1124 2431 1244 2497 amauit
1264 2450 1322 2498 eres

959 2544 1042 2597 amet
1382 2605 1383 2630 ¹

292 2694 295 2708 ,
330 2640 359 2700 T
373 2660 446 2701 unc
468 2657 616 2702 eruore
638 2639 684 2701 de
705 2638 886 2719 superbo
915 2659 1047 2720 spumeo
1069 2649 1185 2721 pontus
1208 2641 1323 2725 globo
1382 2663 1383 2716 j

222 2816 225 2826 .
331 2741 467 2806 Cerulas
488 2741 572 2805 inter
593 2753 739 2804 catervas
759 2741 871 2805 inter
893 2752 932 2804 et
953 2735 1123 2824 bipedes
1146 2765 1249 2828 equos

331 2845 424 2910 Fecit
446 2846 614 2908 undantem
636 2842 793 2908 dionem
815 2846 853 2908 de
876 2841 995 2908 maritis
1017 2844 1171 2912 imbribus

329 2948 413 3014 Cras
428 2958 510 3012 amet
524 2946 579 3033 qui
591 2961 753 3032 nunquam·
765 2946 881 3023 amarit
896 2947 1012 3032 quique
1026 2946 1142 3012 amavit
1160 2969 1231 3014 cras
1251 2957 1324 3014 umet

329 3053 406 3135 Ipsa
428 3048 593 3136 gemmis
615 3061 845 3133 purpurantem
867 3051 970 3135 pingit
990 3072 1102 3115 annum
1124 3051 1261 3118 floribus

328 3156 404 3237 lpse
425 3164 647 3239 surgentes
670 3153 805 3236 pupillus
828 3156 867 3218 de
887 3153 1030 3219 faboni
1050 3153 1206 3237 spiritu

329 3259 464 3340 Urget
486 3257 651 3322 innotos
674 3269 851 3338 penates
871 3256 981 3339 ipsas
1002 3256 1086 3322 roris
1107 3256 1203 3322 lucidi

329 3361 444 3425 Noctis
467 3381 542 3423 arura
565 3379 658 3444 quens
681 3358 882 3444 relinquit
909 3359 1032 3445 spargit
1053 3360 1199 3426 tumentis
1221 3381 1315 3448 aquas

329 3461 1323 3548 Etmicanatlacrimastrementesdecadueopondere

329 3571 428 3634 Gutta
449 3587 651 3649 praeceps
673 3567 772 3628 urbe
793 3587 896 3650 parvo
916 3566 1077 3632 sustine
1098 3587 1189 3632 casus
1211 3591 1287 3636 suros

256 3671 259 3678 ’
328 3673 368 3735 In
389 3674 547 3754 pudere
569 3669 682 3734 lloru
703 3669 813 3734 lente
833 3668 1041 3754 prodiderunt
1062 3691 1244 3756 purpure

381 3892 454 3940 Vers.
477 3894 501 3940 1.
546 3891 651 3954 amabit]
670 3909 683 3937 a
702 3907 751 3939 see.
771 3905 860 3940 manu:
880 3892 982 3941 amauit.
1032 3889 1072 3938 ll.
1093 3891 1214 3954 mireum]
1233 3895 1323 3939 iunctim

328 3966 415 4010 lleuth.
435 3965 470 4008 ml
488 3971 564 4010 eruut
582 3966 656 4009 diuise
675 3963 728 4009 Sill.
787 4017 789 4029 7
