2788 4772
293 371 334 438 46

292 511 347 578 Sic
368 511 569 577 corcodilus:
595 511 773 593 Quamlibet
794 512 896 574 lambe
918 511 1006 587 otio,

292 617 429 693 †Pota,
453 619 585 678 accede:
609 615 676 678 noli
696 615 827 691 timere,
851 616 961 678 sedulo

292 719 367 794 Ait;
391 730 423 782 at
443 719 509 783 noli
532 717 637 781 vereri
660 717 776 803 inquit.
819 719 867 782 At
887 716 961 780 ille:

266 860 269 870 ‹
293 823 446 886 Facerem
467 820 616 897 hercule,
900 895 905 906 ι

295 923 368 989 Nisi
391 945 460 988 esse
481 923 603 1010 scirem,
617 922 720 986 carnis
742 935 774 987 te
796 923 943 1006 cupidum
965 943 1066 986 meae.

678 1121 779 1184 [rna.
799 1121 914 1184 xxvi]

541 1273 725 1338 vuinus
749 1274 810 1336 nu
835 1269 1044 1370 ciccum.

337 1413 426 1478 Nulli
448 1415 646 1476 nocendum:
671 1412 791 1497 siquis
814 1432 892 1477 vero
914 1409 1062 1486 laeserit,

295 1517 499 1584 Multandum
521 1515 612 1578 simili
633 1515 702 1579 iure
723 1516 840 1579 labella
862 1511 1020 1578 admonet.

224 1627 227 1638 '
337 1619 462 1700 Vulpes
486 1621 525 1682 ad
547 1639 654 1681 cenam
677 1617 793 1682 dicitur
814 1617 987 1682 ciconiam.

294 1721 395 1785 Prior
416 1709 565 1784 invitasse
588 1733 620 1784 et
641 1721 687 1783 illi
707 1720 739 1784 in
762 1731 876 1803 patena
898 1719 1046 1802 liquidam

295 1824 449 1888 Posuisse
471 1823 699 1898 sorbitionem,
725 1844 817 1905 qnam
841 1822 929 1886 nullo
954 1825 1049 1886 modo

239 1996 241 2000 ,
293 1927 438 2007 Gustare
461 1925 601 1989 esuriens
623 1924 765 2007 potuerit
785 1922 919 1986 ciconia.

299 2028 389 2108 Quae
413 2029 539 2110 vulpem
563 2049 658 2112 quum
682 2038 883 2100 revocasset,
907 2025 1017 2091 intrito
1041 2024 1113 2092 cibo

257 2135 262 2146 '
296 2133 428 2195 Plenam
450 2117 606 2215 lagonam
619 2131 742 2213 posuitz
767 2129 839 2191 huic
861 2141 999 2192 rostrum
1021 2129 1163 2193 inserens

297 2234 435 2298 Satiatur
457 2234 527 2316 ipsa
545 2245 581 2296 et
603 2244 732 2316 torquet
755 2231 924 2309 convivam
945 2231 1043 2296 same.
1133 2244 1140 2260 ¹

298 2338 388 2417 Quae
410 2359 506 2421 quum
528 2336 664 2421 lagonae
686 2335 802 2398 collum
823 2334 944 2398 frustra
967 2335 1137 2412 lamberet,
1264 2338 1307 2398 10
1380 2365 1381 2388 r

203 2470 205 2482 Δ
297 2440 507 2524 Peregrinam
528 2439 574 2502 sie
595 2440 733 2504 locutam
758 2439 922 2502 volucrem
945 2437 1144 2520 accepimus:

297 2545 360 2606 Sua
383 2543 516 2628 quisque
540 2542 683 2626 exempla
706 2543 799 2605 debet
821 2540 1052 2626 acquofanirno
1075 2541 1155 2624 pati.

670 2739 770 2802 [rin.
791 2740 921 2802 xxvii]
997 2743 1001 2754 ’

340 2890 478 2957 CANIS
498 2892 563 2955 ET
588 2889 870 2976 THESAURUS·
886 2892 948 2954 ET
970 2892 1255 2980 VULTURlUS.

338 3033 431 3095 Haec
452 3053 505 3095 res
528 3031 632 3094 avaris
655 3051 725 3093 esse
747 3029 938 3093 conveniens
960 3044 1069 3112 potest

298 3137 342 3200 Et
365 3133 420 3219 qui
441 3133 571 3198 humiles
594 3133 684 3210 nati,
708 3133 769 3196 dici
789 3133 966 3215 locupletes
990 3138 1129 3214 student.

341 3239 489 3302 Humana
511 3239 664 3301 effodiens
686 3258 759 3301 ossa
782 3233 960 3300 thesaurum
984 3238 1070 3302 canis

297 3340 426 3404 Invenit
448 3351 481 3404 et
503 3340 639 3404 violarat
662 3341 735 3426 quia
759 3340 875 3404 illenes
897 3343 987 3417 deos,
1065 3351 1068 3358 ⁴

298 3544 325 3588 S.
356 3565 389 3578 -
412 3542 533 3588 lamberet
554 3543 645 3588 collum
661 3539 767 3602 frustra
790 3542 820 3588 lt.
848 3566 881 3576 -
897 3538 1004 3601 frustm
1027 3543 1119 3588 collum
1137 3543 1260 3590 lamberet
1277 3561 1302 3602 p.
1380 3531 1381 3584 Ῐ

298 3614 382 3659 Burm.
420 3611 474 3669 (ll)
494 3614 668 3674 :loquellam
686 3616 715 3659 P.
780 3619 785 3642 Γ
1380 3615 1381 3706 l

350 3684 409 3728 Fre.
429 3681 537 3729 xxvn.
587 3682 692 3742 (Versus
721 3685 767 3728 duo
795 3683 868 3738 primi
898 3684 1001 3737 suspecti
1031 3682 1163 3739 Bentleio.)
1211 3682 1251 3742 (3)
1271 3707 1305 3720 -
1380 3711 1381 3736 ,

299 3751 463 3798 thensaurum
483 3767 507 3813 g.
546 3754 708 3814 Non-notavit
731 3745 801 3798 Vinc-
851 3748 891 3810 (l)
908 3750 1026 3811 uiolae-ot]
1045 3755 1077 3799 ll:
1097 3755 1123 3799 S.
1151 3754 1196 3808 „ln
1213 3755 1243 3798 P.
1264 3767 1304 3800 ex-

298 3828 376 3867 trema
393 3824 463 3868 huius
480 3825 546 3868 vocis
564 3837 634 3869 erasa
651 3828 721 3877 sunt,
741 3823 832 3878 syllaba
845 3827 872 3866 ut
888 3822 1032 3881 substituta,
1053 3825 1088 3881 (nt
1106 3837 1167 3868 nuuc
1186 3825 1232 3870 sit:
1253 3826 1302 3869 olo·
1380 3813 1381 3830 ¹

298 3892 355 3948 tar.)
392 3893 458 3939 llnde
478 3896 597 3940 conticere
610 3891 665 3938 lic‘et
678 3893 779 3950 primum
800 3893 925 3938 lectionem
937 3894 1011 3940 luisse
1027 3894 1136 3940 eiolorct
1153 3899 1178 3937 ut
1195 3894 1219 3938 ln
1239 3893 1300 3940 (lod.

298 3963 368 4007 Rem.
388 3961 504 4009 Pltbo'eus
521 3970 616 4010 antem:
636 3985 669 3998 ν-
693 3963 802 4010 violavit.
809 3963 823 3988 ”
840 3964 920 4010 Burro.
969 3961 1026 4024 (1⁰)
1045 3964 1250 4024 *concupietis
1268 3965 1298 4011 Ρ.

302 4033 444 4081 Emeuduvit
461 4048 484 4090 p.
