2768 4750
310 357 371 421 178

307 499 547 578 venturamque
568 491 652 559 notis
674 493 793 556 cladem
815 490 973 574 depeiiere
994 487 1105 554 suasit.
1242 491 1302 552 too

309 601 399 663 inter
420 609 507 662 certa
526 597 601 661 iicet
623 617 766 660 numeres
788 596 846 658 snb
869 605 962 658 nocte
984 597 1122 658 cavenda

308 701 516 775 Turibulum
539 721 621 776 nam,
644 697 672 762 si
694 699 868 763 sordebunt
889 707 996 760 cetera
1016 697 1096 759 caeli

308 805 456 868 Nubibus
479 802 643 879 obductis,
667 802 724 868 iiio
746 800 948 883 splendente,
971 798 1102 878 timeto,

309 909 359 970 Ne
381 928 491 988 pacem
511 904 618 988 pelagi
640 905 745 968 solvat
768 901 937 966 violentior
958 904 1094 966 Auster.

309 1011 401 1072 Tunc
422 1007 497 1071 mihi
519 1009 693 1090 spissentur
716 987 889 1069 substricto
911 1025 1030 1067 cornua
1053 1005 1128 1068 velo
1245 1004 1302 1068 000

307 1113 353 1175 Et
372 1110 467 1194 rigidi
489 1111 630 1173 emittant
651 1110 742 1172 flatus
765 1107 933 1191 perinane
955 1111 1115 1170 rudentes.

308 1215 403 1293 Quod
425 1213 452 1292 si
474 1216 645 1296 deprensae
667 1211 809 1274 turbavit
829 1210 921 1283 lintea
944 1211 1059 1293 puppis

306 1317 518 1400 Incubuitque
539 1315 609 1379 sinu
630 1316 725 1390 laxo,
752 1314 803 1376 vei
824 1314 979 1397 mergitur
1001 1314 1090 1376 undis

306 1421 414 1484 Prona
436 1419 511 1481 ratis
533 1421 707 1502 sorbetque
729 1415 885 1480 inimicum
910 1419 1014 1478 Nerea
1036 1437 1153 1498 prora,

305 1523 370 1584 Vel
392 1520 418 1584 si
439 1521 580 1603 respexit
602 1533 750 1584 servator
771 1519 933 1601 Iuppiter,
958 1539 1054 1602 aegre
1117 1549 1120 1558 v
1194 1548 1198 1556 ·
1245 1520 1302 1580 tto

305 1623 423 1688 Ultima
445 1626 633 1707 persolvunt
655 1621 760 1696 iactati
782 1633 857 1685 vota
880 1622 1009 1696 salutis;

306 1727 376 1788 Neo
398 1738 500 1790 uretus
522 1738 592 1788 ante
615 1725 715 1810 Fugit,
741 1746 833 1809 quam
856 1745 930 1806 pars
952 1723 1106 1787 effulserit
1128 1709 1242 1801 orbis,

306 1828 397 1907 Quae
419 1830 547 1893 Borean
569 1830 689 1891 eaeiurn
711 1827 925 1909 spectantibus
947 1827 1063 1890 indicet
1084 1839 1206 1898 ortum.

346 1932 428 1994 Sunt
450 1931 543 1994 etiam
564 1929 697 1994 flammis
718 1930 883 1994 commissa
905 1929 1049 1994 immania
1071 1931 1214 1994 membra

303 2031 473 2111 Centauri,
495 2032 598 2116 eapite
620 2043 715 2115 atque
737 2032 860 2096 hirsuto
882 2043 1015 2114 pectore
1037 2045 1067 2095 et
1090 2032 1165 2096 alvo
1243 2033 1301 2098 tte

303 2136 421 2199 Subter
442 2139 609 2199 candentes
631 2135 792 2200 bominem
808 2135 970 2198 reddentia
993 2134 1131 2200 Chelas:

300 2336 385 2384 bulum
402 2352 426 2398 g.
461 2359 490 2372 -
517 2329 639 2383 Τιινίόιιὶο
655 2337 727 2383 AFP.
763 2334 848 2394 (ibid.)
866 2334 920 2396 rix]
939 2336 999 2382 Gab.
1021 2359 1050 2370 -
1070 2337 1094 2383 ri
1114 2340 1143 2383 A.
1162 2354 1197 2372 -··
1216 2339 1254 2384 ria
1271 2339 1298 2382 F.

299 2428 332 2446 ·-
357 2410 405 2454 uim
429 2408 474 2467 Pg.
523 2407 609 2464 (ibid.)
636 2404 743 2466 eaelum]
763 2408 806 2452 Ga.
826 2427 855 2442 -
873 2409 942 2452 caelo
960 2407 1042 2466 FPgb.
1078 2404 1164 2464 (ibid.)
1182 2405 1299 2467 suspicit]

299 2477 361 2522 Gab.
387 2497 420 2514 -
450 2477 557 2536 suscipit
580 2478 648 2536 APg.
677 2478 722 2533 (De
745 2477 774 2522 F.
798 2491 845 2521 non
868 2479 926 2522 satis
943 2477 1056 2532 constet.)
1092 2474 1166 2530 (398)
1187 2499 1216 2516 -·
1235 2483 1300 2523 tuctu

298 2548 468 2612 „Aiii'flapud
485 2560 510 2606 g.
547 2547 632 2603 tibid.)
659 2544 807 2605 dernittitnr]
832 2561 853 2590 s.
873 2547 1057 2592 -dimittitur
1075 2547 1179 2606 AFPgb.
1230 2544 1298 2605 (tut)

299 2616 375 2677 notia]
395 2617 471 2677 Ggsb.
492 2641 524 2652 -
550 2618 620 2661 noris
638 2618 668 2662 F.
688 2641 720 2651 -
738 2616 805 2661 Iouis
822 2617 852 2660 P.
872 2637 905 2650 -
923 2616 1017 2661 Ornittit
1034 2632 1059 2662 v.
1078 2613 1137 2662 iiiii.
1156 2617 1186 2662 A.
1226 2614 1297 2675 (itt)

300 2707 330 2730 .-
362 2686 502 2744 lutereeptu
525 2687 543 2730 l.
569 2688 598 2732 F.
627 2709 656 2720 -
687 2688 800 2730 numeris
826 2687 856 2731 A.
887 2709 920 2720 -
944 2700 1063 2731 numerus
1085 2687 1173 2742 „Aiii”
1197 2689 1258 2744 apud
1274 2699 1297 2745 g.

298 2751 369 2810 (102)
386 2765 425 2802 ω
441 2762 552 2812 ternpore
566 2757 632 2801 cneii
648 2755 678 2800 G.
698 2757 768 2810 prob.
788 2758 861 2801 Voss.
879 2757 908 2800 ed
926 2757 1025 2800 Aratum
1036 2770 1090 2815 pag.
1113 2753 1153 2802 78.
1175 2778 1206 2793 ··
1225 2758 1299 2803 Ornit-

298 2817 327 2870 iit
346 2841 370 2870 v.
396 2822 454 2871 102.
475 2825 505 2869 A.
542 2823 615 2881 (103)
632 2824 777 2882 splendente
794 2823 889 2884 timeto]
908 2826 972 2884 A(F.
990 2827 1041 2872 hie:
1067 2823 1182 2882 timente)
1201 2827 1248 2871 Pb.
1267 2847 1297 2860 -
1376 2855 1377 2882 ἢ

297 2895 439 2954 spicodepii
458 2895 614 2954 metuendum
631 2895 661 2940 G.
682 2917 715 2928 -
733 2895 877 2952 splendente
896 2895 1031 2940 timendum
1049 2897 1077 2942 de
1096 2909 1120 2955 g.
1140 2897 1206 2942 coni.
1226 2911 1250 2943 a.
1267 2917 1297 2929 -

297 2965 430 3023 splendore
454 2966 538 3008 timeto
563 2979 587 3024 g.
636 2962 707 3021 (105)
725 2962 879 3023 apisceretur]
899 2967 926 3010 de
945 2979 969 3024 g.
991 2967 1054 3010 coni.
1074 2967 1099 3011 b.
1121 2985 1150 2997 -
1170 2967 1297 3010 siccentur

296 3035 421 3095 reregi.
458 3030 546 3092 (ibid.)
565 3031 709 3092 substrictus]
728 3035 804 3093 Ggsb.
824 3059 856 3069 —
875 3035 994 3079 obstricto
1016 3031 1072 3093 (sic)
1091 3035 1121 3080 A.
1141 3057 1175 3069 -
1194 3036 1296 3080 astricto

295 3105 324 3151 F.
347 3127 376 3140 -
396 3105 503 3149 astricta
523 3104 553 3149 P.
590 3101 667 3165 (tot)
684 3103 718 3148 Et
735 3102 816 3164 rigidi
832 3105 945 3148 emittent
954 3103 1045 3168 flatus]
1064 3105 1138 3164 Ggsb.
1160 3103 1297 3164 -Erigit

253 3192 256 3202 ·
294 3176 365 3221 demit
384 3180 438 3220 iant
460 3175 527 3219 latus
553 3172 608 3231 (sic)
627 3174 657 3219 A.
685 3196 714 3206 -
742 3172 853 3234 Erigere!
873 3175 1032 3233 eminentque
1051 3176 1117 3220 iuius
1137 3175 1187 3220 FP.
1226 3171 1294 3232 (tot)
1375 3199 1376 3234 1

294 3243 433 3302 deprensus
451 3243 527 3304 Ggsb.
557 3268 590 3278 -
617 3242 742 3301 deprome
764 3244 835 3292 AFP.
885 3244 972 3299 (ibid.)
1002 3241 1118 3304 turbarit]
1147 3245 1244 3306 APgsb.
1264 3267 1295 3278 -

293 3314 403 3361 turbabit
421 3314 472 3359 GF.
521 3311 591 3370 (109)
610 3310 749 3372 sorbetque]
772 3316 800 3358 da
827 3327 851 3372 g.
876 3315 939 3358 coni.
958 3315 995 3359 ab.
1016 3338 1049 3350 -—
1067 3321 1195 3373 servetque
1215 3317 1245 3364 G.
1263 3336 1293 3349 -

293 3385 416 3442 uniruique
430 3383 496 3442 urg.
518 3405 547 3416 -
567 3384 718 3442 sotretquee
736 3383 766 3428 P.
805 3379 877 3438 (410)
896 3381 1022 3442 respexit]
1038 3384 1098 3443 Ggs.
1122 3406 1151 3417 -
1162 3384 1295 3444 perspexit

292 3454 382 3498 AFPb.
429 3452 513 3508 (ibid.)
540 3451 629 3514 aegre]
654 3452 730 3511 Ggsb.
752 3473 782 3486 -
801 3466 879 3514 aeger
903 3453 973 3498 AFP.
1011 3451 1086 3510 (411)
1106 3473 1138 3488 -·
1152 3457 1295 3513 persolvent

292 3524 317 3568 0.
338 3528 421 3568 contin
441 3521 563 3581 AGFPgs.
600 3522 685 3581 (ibid.)
704 3519 803 3579 iactari]
821 3527 849 3567 de
873 3536 896 3580 g.
919 3523 981 3567 coni.
1003 3524 1041 3568 sb.
1061 3548 1094 3560 -
1113 3524 1223 3570 iactatae
1242 3524 1294 3570 AG·
1374 3531 1375 3544 *

291 3593 357 3653 t'rg.
394 3589 469 3650 (112)
488 3611 519 3626 ··
538 3589 660 3652 effulserit
678 3591 747 3636 ordia
765 3592 836 3637 AFP.
856 3590 909 3649 (sed
928 3593 970 3640 F.:
991 3589 1138 3654 effutxsrii:
1157 3594 1207 3641 P.:
1227 3590 1294 3656 efflu-

198 3667 202 3672 ’
291 3663 370 3716 serit)
387 3671 425 3710 ω
449 3657 603 3720 persuaserit
627 3662 709 3708 omnia
733 3662 809 3720 Ggsb.
856 3659 931 3719 (tit)
956 3661 1063 3721 eaelum]
1088 3664 1192 3723 AFPgb.
1214 3671 1251 3720 et,
1270 3667 1294 3708 ui

290 3734 397 3786 ridetur,
426 3730 457 3776 G.
478 3753 501 3765 ·-
530 3731 594 3774 curii
614 3733 643 3776 de
662 3745 685 3790 g.
704 3732 766 3776 coni.
794 3746 813 3778 a.
850 3726 940 3792 (ibid.)
958 3731 1049 3791 ortum]
1068 3733 1138 3778 AFP.
1159 3755 1195 3767 -
1212 3734 1293 3780 orbem

291 3801 367 3860 Ggsb.
406 3802 485 3858 Quum
502 3802 573 3846 lectio
592 3801 663 3846 AFP.
684 3815 726 3857 per
744 3815 770 3846 sa
790 3801 937 3856 probabilem
957 3805 1069 3858 praebent
1088 3805 1248 3859 sententiam,
1270 3805 1293 3846 in
1373 3813 1374 3840 1

290 3871 418 3916 lectionem
438 3877 517 3916 auteur
538 3871 582 3915 Cd.
609 3871 640 3916 G.
671 3871 788 3916 eiusmodi
812 3872 1045 3928 senientiuuonnisi
1070 3873 1133 3918 coni.
1162 3875 1229 3918 caeli
1251 3885 1292 3928 pro

289 3941 386 3984 caelum
408 3941 491 3985 inferri
521 3943 610 3995 possit,
641 3942 750 4000 equidem
771 3942 837 3984 iiiam
865 3944 976 3996 praeiuii.
1027 3939 1097 3997 (itt)
1116 3941 1234 3988 Otuittuut
1253 3955 1290 3987 vr.

289 4014 340 4055 tres
359 4007 493 4056 tit-tit
512 4011 585 4056 AFP.
623 4011 715 4056 liabent
732 4011 785 4058 EG.
822 4008 895 4069 <t15)
910 4019 1010 4070 pectore
1027 4019 1051 4056 et
1065 4011 1130 4072 uiuo]
1150 4015 1184 4061 sie
1197 4013 1289 4070 scripsi.
