2788 4772
712 577 808 640 [run.
833 577 924 640 utun

397 729 617 792 SERPENS.
663 728 1013 794 MISERICORDIA
1038 727 1231 794 NOCIVA.

357 867 420 946 Qui
441 866 505 928 fert
528 867 616 930 malis
639 867 807 943 auxilium,
833 882 907 950 post
930 881 1053 950 tempus
1076 870 1176 932 dolet.

314 972 397 1032 Gelu
419 969 573 1052 rigentem
597 971 721 1052 quidam
745 973 911 1034 colubram
933 970 1060 1034 sustulit

314 1074 453 1153 Sinuque
474 1072 573 1148 fovit,
600 1086 711 1135 eontra
735 1072 861 1154 seipse
884 1072 1089 1137 misericors:

314 1176 459 1257 Namque
480 1187 516 1237 ut
536 1176 658 1238 relecta
680 1187 747 1250 est,
770 1175 876 1238 necuit
898 1175 1056 1240 hominem
1078 1176 1238 1258 protinus.

313 1280 407 1352 Hane
428 1279 486 1341 alia
509 1300 604 1363 quum
627 1289 759 1362 rogaret
780 1291 905 1340 eausam
929 1277 1099 1352 facinoris,
1295 1277 1314 1340 5
1375 1318 1376 1331 κ

271 1367 274 1372 ’
313 1381 511 1462 Respondit:
538 1382 588 1443 Ne
610 1380 680 1466 quis
703 1380 803 1444 discat
823 1381 978 1462 prodesse
1000 1380 1168 1463 improbis.
1375 1360 1376 1375 l

717 1600 815 1660 [rna.
842 1597 922 1663 us]

578 1723 764 1815 vuuens
786 1749 848 1814 nr
870 1749 1077 1816 nunno..
1144 1713 1148 1723 “

354 1891 496 1970 Vulpes,
522 1889 625 1951 cubile
647 1887 790 1964 fodiens,
816 1892 888 1951 derna
911 1901 1029 1952 terram
1052 1889 1134 1953 eruit

312 1991 456 2076 Agitque
478 1992 585 2072 plures
608 1991 700 2054 altius
723 1990 909 2068 cuniculos,

312 2093 469 2158 Pervenit
490 2096 529 2156 ad
552 2093 697 2157 draconis
721 2095 903 2177 speluncam
926 2092 1088 2170 ultimam,

300 2196 523 2262 Custodiebat
545 2195 597 2281 qui
620 2198 786 2260 thesauros
810 2197 948 2260 abditos.

312 2301 410 2362 Hune
431 2299 522 2362 simul
544 2299 685 2382 aspexit:
711 2301 799 2376 Oro,
823 2311 860 2362 ut
880 2299 1097 2381 inprudentiae
1296 2300 1313 2362 5
1375 2306 1376 2329 ¹

311 2403 379 2468 Des
402 2402 535 2484 primum
559 2403 702 2478 veniam3
725 2402 835 2465 deinde
856 2401 884 2464 si
905 2402 1045 2484 pulchre
1061 2402 1147 2464 vides
1158 2417 1175 2478 ,’

228 2547 229 2554 κ
312 2506 416 2586 Quam
437 2526 500 2569 non
524 2508 715 2569 conveniens
738 2527 847 2568 aurum
870 2505 918 2566 sit
933 2503 1016 2568 vitae
1039 2525 1146 2582 meae,

311 2611 521 2690 Respondeas
544 2609 728 2676 elementer.
774 2610 875 2687 Quem
898 2608 1037 2670 frustum
1059 2608 1147 2690 capis

310 2713 386 2774 Hoc
408 2731 449 2772 ex
470 2711 598 2786 labore,
623 2713 751 2794 quodve
773 2721 892 2773 tantum
916 2722 963 2772 est
985 2711 1188 2792 praemium,'

311 2814 356 2876 Ut
377 2834 484 2875 careas
507 2833 620 2876 somno
644 2825 676 2874 et
699 2833 810 2876 aevum
831 2813 865 2874 in
887 2813 1028 2876 tenebris
1051 2812 1205 2898 exigas?
1277 2817 1316 2878 to

311 2916 462 2991 Nullum,
486 2914 587 2998 inquit
608 2914 682 2990 ille,
706 2937 819 2977 verum
841 2917 905 2981 hoc
927 2937 945 2978 a
967 2937 1089 2980 summo
1113 2915 1187 2980 mihi

309 3131 368 3196 (35)
387 3141 563 3194 exspectantes
580 3134 688 3195 posteri]
712 3137 742 3180 u.
763 3137 883 3196 Bongars.
905 3137 968 3181 coni.
988 3161 1021 3171 -
1040 3144 1217 3195 exspectantes
1231 3145 1314 3196 poste·

310 3220 353 3250 ros
379 3207 410 3251 P.
438 3220 460 3262 p.
494 3207 548 3261 (tite
566 3221 619 3250 etun
637 3205 775 3260 asterisco.)
792 3217 831 3254 os
848 3212 996 3264 exspectant
1014 3211 1038 3250 et
1051 3209 1148 3266 posteri
1160 3209 1248 3267 urgan.
1267 3210 1313 3252 Ed.

312 3273 336 3319 2,
356 3277 381 3319 S.
424 3273 482 3331 (36)
509 3291 583 3336 quum
606 3274 680 3334 ridet]
699 3277 752 3320 seit.
773 3277 858 3334 aliquis
885 3290 978 3320 eornm.
1006 3276 1036 3320 Ρ.
1068 3278 1097 3322 ll.
1126 3291 1150 3333 p.
1169 3288 1208 3324 ω
1224 3279 1314 3338 quint·

310 3345 351 3390 det
365 3346 454 3405 uiguit.
479 3347 504 3390 S.
525 3348 569 3402 (-
586 3359 661 3406 quum
676 3345 758 3392 vident
774 3361 797 3391 c.
816 3343 939 3404 olfaciunt
955 3346 1085 3407 Bongars.)
1242 3341 1243 3348 ’

362 3417 421 3460 Fas.
442 3416 514 3460 xlx.
552 3416 588 3472 (1)
607 3437 640 3450 —·
658 3421 730 3472 tepus
748 3416 778 3460 Ρ.
821 3414 860 3472 (l)
879 3413 972 3473 necuit]
993 3430 1016 3471 p.
1037 3417 1063 3460 S.
1083 3439 1115 3451 ·-·
1134 3417 1219 3461 nocuit
1235 3418 1266 3464 Ρ.
1284 3419 1313 3460 tt.

361 3487 420 3530 ru.
444 3486 506 3530 XX.
543 3483 695 3545 (thqueeJ
714 3485 745 3533 N.
768 3497 799 3528 =
820 3486 901 3542 vulpis
917 3485 952 3528 bis
966 3484 994 3532 Ρ,
1008 3486 1038 3530 n.
1050 3497 1074 3540 p.
1089 3487 1114 3530 S.
1136 3484 1175 3540 (2)
1191 3488 1315 3544 :splene

231 3548 234 3560 ¹
310 3555 341 3599 N.
362 3555 625 3608 „Pithoeus-inseruit
648 3561 688 3610 et,
722 3556 792 3602 metri
817 3555 914 3600 cause.”
938 3555 1015 3598 Bene.
1060 3554 1114 3598 Noti
1134 3555 1313 3610 tancredus,

310 3626 398 3669 tector.
435 3622 472 3683 (3)
493 3623 614 3682 ultimum]
636 3625 665 3671 P.
683 3625 713 3668 R.
733 3637 757 3680 p.
779 3626 878 3669 Boetius
899 3623 943 3667 hoe
962 3624 1020 3668 mibi
1039 3625 1247 3670 videtnrmanime
1262 3639 1314 3680 pro·

310 3699 363 3750 pter
390 3694 499 3740 Terentii
525 3691 657 3738 Heautont.
688 3690 717 3749 5.,
746 3693 777 3748 1,
804 3693 845 3740 29.
871 3691 919 3736 Eat
948 3690 1011 3736 milti
1043 3695 1132 3738 ultimis
1154 3697 1269 3740 conclave
1290 3696 1316 3738 in

311 3763 414 3808 uedtb'us
433 3762 570 3824 quoddam,
600 3777 669 3821 qnam
690 3766 753 3820 quod
782 3765 853 3808 habet
876 3761 906 3809 N.
931 3761 1028 3807 firmans
1052 3763 1154 3808 Bentleii
1184 3765 1247 3809 coni.
1271 3767 1313 3809 S.:
1375 3812 1376 3819 ἵ

250 3835 252 3839 ’
310 3843 349 3878 m
366 3835 490 3878 intimum.
528 3831 566 3890 (6)
592 3852 626 3868 ·-
653 3847 753 3877 eeneam
783 3835 814 3879 P.
841 3847 856 3877 a
882 3846 920 3888 pr.
941 3846 1021 3876 manu.
1069 3828 1112 3891 (8)
1137 3857 1170 3868 -
1188 3835 1261 3891 topia
1284 3833 1312 3878 N.

312 3901 352 3957 (u)
371 3904 462 3956 „Errat
483 3904 584 3956 Gudius,
610 3897 690 3962 quiun'
709 3904 797 3948 asserit
829 3896 866 3946 hle
896 3914 948 3946 esse
969 3901 993 3946 in
1019 3902 1089 3966 Cod.v
1109 3899 1174 3962 qreod
1196 3903 1314 3947 sentum.''

311 3973 387 4018 Bran.
425 3974 497 4018 Certe
523 3973 580 4022 nibil
599 3975 744 4022 eiusmodi·
767 3973 795 4020 ll.
819 3972 908 4018 notauit
930 3973 998 4018 vine
1036 3970 1093 4028 (tt)
1111 3967 1156 4018 tue
1174 3984 1191 4018 a
1211 3968 1313 4028 summo]
1375 3982 1376 4015 l
