2796 4746
995 303 1076 366 ,101

77 453 212 537 Templa
234 453 290 526 sed
313 447 445 514 Astraei
466 447 557 514 simul
579 469 617 514 ao
637 444 817 532 possederit
837 445 937 532 iguis,

76 557 191 623 Omnia
214 555 311 618 mixta
332 555 435 630 ieret,
459 551 583 635 pluvias
605 554 821 616 tantummodo
842 552 973 622 Libra.
1016 547 1077 612 111

76 660 216 742 Scorpio
238 661 295 720 sed
315 656 438 740 pluvias
461 649 692 730 meditabitur}
706 655 845 747 undique
867 654 972 728 venti,

74 764 223 846 Undique
246 763 370 846 grando
393 760 497 836 venit,
521 771 710 840 rumpuntur
733 757 866 820 culmine
889 754 1013 820 nimbis.

76 863 233 932 Centauri
252 863 394 948 attigerit
415 884 512 946 quirun
534 862 595 924 iam
619 860 783 942 Cyllcnius
806 882 936 938 mcum,

74 971 141 1032 Aut
164 968 222 1030 ubi
243 966 409 1050 consurgit
432 965 653 1048 Capricornus
676 964 796 1048 etipse
819 962 983 1041 biformis,

76 1074 141 1136 Aut
163 1072 288 1134 subitos
311 1071 402 1132 caelo
424 1072 559 1132 deducet
580 1069 723 1130 erebrius
744 1067 881 1142 imbres,
1017 1067 1078 1130 130
1092 1051 1114 1141 ¹,

76 1174 231 1238 Fulminis
254 1183 309 1236 aut
330 1174 412 1237 iactu
436 1195 583 1256 magnum
605 1184 790 1254 perrumpet
813 1171 998 1254 Olympum.

77 1277 173 1339 Nulla
196 1288 343 1340 serenato
366 1261 588 1358 Capricornus
609 1275 716 1338 nubila
739 1275 829 1340 caelo

76 1377 273 1460 Comparnt;
297 1389 328 1442 at
350 1378 473 1463 gelidos
495 1378 588 1440 flatus
610 1378 752 1462 caelique
773 1377 925 1464 fragores

76 1484 147 1546 Non
171 1482 236 1546 alio
258 1482 368 1544 melius
390 1482 484 1566 signo
506 1481 691 1564 praedicere
711 1480 843 1564 possis,

9 1635 12 1650 .
78 1585 227 1650 Piscibus
252 1587 332 1647 haec
353 1587 461 1650 eedem
484 1583 627 1668 quamvis
649 1604 849 1668 cognoscere
870 1583 918 1649 iss
940 1584 993 1650 sit.
1017 1584 1077 1648 135
1169 1610 1171 1614 ·

79 1687 343 1772 Quandoquidem
365 1698 498 1750 exortus
520 1688 638 1752 mundo
660 1685 824 1767 Cyllenius
846 1685 929 1771 iguis
1073 1671 1078 1688 ⁸

77 1789 160 1870 Quid
181 1793 305 1854 faceret
324 1789 430 1872 primo
451 1791 548 1853 docui
568 1811 639 1852 cum
661 1789 777 1854 liunine
799 1791 928 1884 Soliss¹

77 1895 217 1977 Tempus
240 1904 273 1958 et
294 1913 426 1958 occasus
448 1905 576 1958 moneat
596 1914 678 1977 quae
699 1895 820 1958 discere
842 1893 985 1960 Phoebi.

79 2097 155 2143 tronis
173 2094 233 2154 (sic)
249 2095 281 2142 A.
301 2116 333 2130 --
351 2093 462 2140 aetherei
480 2097 545 2154 erg.
565 2117 598 2130 -
615 2095 738 2141 Astraeus
750 2099 778 2142 de
797 2111 823 2156 g«.
842 2099 906 2143 coni.
925 2099 951 2144 b.
972 2119 1002 2133 -
1019 2111 1078 2157 pose

79 2166 167 2210 siderit
193 2167 375 2226 1.-15111
402 2179 426 2225 g.
458 2168 573 2222 suspicio.
615 2164 688 2224 (125.
709 2165 781 2221 126.)
800 2165 892 2212 Omnia
911 2193 920 2204 ·
938 2193 954 2206 -
972 2167 1080 2228 undique

79 2235 152 2296 renti]
170 2237 282 2282 Servavit
301 2237 360 2281 baec
387 2249 447 2280 uuus
464 2237 494 2280 Λ.
543 2237 569 2280 lu
598 2236 695 2295 reges.
716 2237 748 2280 ite
767 2237 791 2280 in
816 2251 887 2281 unum
904 2251 1000 2282 versum
1022 2253 1078 2282 con·

80 2309 153 2350 trects
171 2311 242 2352 sunl:
261 2325 297 2340 -·
313 2304 406 2350 Omnie
426 2306 508 2349 mixto
516 2301 603 2363 feret„
617 2307 719 2364 plurios
740 2305 901 2350 meditabitur
922 2307 1014 2367 ingens
1031 2306 1080 2356 Une

80 2375 151 2434 dique
167 2375 268 2437 grando
290 2379 336 2420 cet.
373 2373 446 2430 (121)
463 2375 575 2420 culmino
591 2373 694 2436 nimbis]
712 2376 807 2434 tergeo.
829 2397 859 2408 -·
878 2377 1081 2422 culrninuntim-

80 2444 136 2490 bres
154 2446 184 2491 A.
214 2469 247 2480 ·-
271 2442 388 2505 fulmine
411 2447 448 2489 vel
471 2445 582 2506 flumine
608 2447 700 2490 nimbis
727 2443 860 2491 Wakefield
883 2449 912 2490 ed
930 2446 1028 2493 Luci-et.
1048 2446 1079 2502 1,

83 2511 156 2560 1013.
202 2517 305 2562 Malim:
337 2521 486 2572 rumpuntur
510 2515 618 2559 culmine
636 2516 731 2571 nimbi;
760 2515 834 2560 uunhi
850 2529 876 2560 se
893 2517 1049 2572 praecipitent
1066 2531 1080 2560 s

81 2587 181 2633 culmine
202 2587 278 2644 cueli3
310 2590 335 2628 nt
357 2585 427 2628 buius
454 2585 591 2643 i'ragmesti
618 2599 641 2630 r.
663 2583 957 2631 76.cu1mtn0ahauo.
1005 2585 1080 2644 (128)

81 2653 177 2714 orcum]
196 2657 225 2701 de
246 2669 271 2716 g.
292 2655 355 2701 coni.
377 2655 402 2700 b.
423 2677 455 2688 -·
474 2668 551 2699 urcus
571 2655 672 2714 AFPgs.
709 2653 779 2712 (129)
799 2676 828 2688 -
847 2655 994 2717 consurget]
1013 2659 1041 2702 de
1054 2671 1079 2716 g.

82 2727 143 2770 coni.
162 2725 188 2770 b.
208 2749 242 2760 -
260 2725 393 2784 consurgit
412 2725 492 2782 FPgs.
514 2747 542 2758 -
562 2724 612 2770 Aut
628 2725 696 2769 idem
710 2725 753 2770 ubi
773 2728 906 2786 consurgit
920 2729 1081 2785 capricornis
1119 2731 1122 2738 '

82 2792 136 2851 (sic)
165 2792 340 2854 etdebisormis
367 2789 429 2856 (sic)
457 2795 488 2839 A.
533 2792 609 2853 (130)
627 2817 657 2828 -
676 2796 757 2840 subito
779 2797 810 2840 A.
847 2794 917 2852 (131)
936 2821 969 2831 -
987 2799 1082 2842 iccium

83 2876 176 2924 egnum
195 2866 227 2910 A.
255 2889 289 2902 -ι-
315 2863 471 2924 perrumpet]
499 2869 525 2910 ut
545 2865 641 2911 solebat
658 2879 682 2925 g.
701 2865 802 2920 Amph.
825 2887 854 2898 ·-
870 2869 1014 2925 perrumpit
1033 2868 1080 2926 Pg.

82 2953 115 2973 ι-
133 2933 242 2994 Olympo
255 2935 287 2981 A.
307 2949 320 2980 s
339 2935 431 2980 Graeca
447 2936 630 2981 terminatione:
651 2945 690 2984 eo
706 2934 848 2994 Olympon:
867 2951 937 2993 quom
953 2940 1082 2984 restituen-

83 3003 135 3047 dim
152 3019 251 3050 censeo.
288 3002 359 3059 (133)
382 3009 410 3048 ut
425 3003 533 3065 gelidos]
552 3007 581 3050 de
602 3019 629 3064 g.
654 3007 716 3050 coni.
737 3009 774 3051 sb.
795 3029 830 3039 -
847 3006 980 3065 augelidos
997 3008 1028 3052 A.
1048 3031 1081 3042 -

83 3079 125 3117 cut
137 3075 237 3134 gelidos
253 3075 321 3134 erg.
358 3071 427 3130 (131)
446 3099 478 3108 -
495 3074 593 3120 medius
610 3076 641 3121 A.
678 3071 751 3132 (135)
769 3099 802 3110 -··
820 3077 929 3134 quemvis
947 3091 968 3122 s.
988 3073 1082 3138 (11111.)

84 3156 234 3204 cognoscere
251 3141 356 3203 sossii]
374 3145 470 3203 reges.
494 3155 534 3192 oo
561 3158 713 3206 cognoscere
736 3145 807 3190 detur
829 3150 858 3190 A.
895 3147 948 3190 Etsi
969 3149 1030 3194 mire
1045 3153 1083 3196 est

84 3214 200 3270 serietas,
221 3214 293 3260 detur
314 3219 393 3258 temen
420 3216 499 3269 potius
518 3215 684 3271 interpolatori
706 3215 788 3260 deberi
812 3216 918 3270 ridetur,
938 3231 1008 3274 quam
1022 3221 1082 3265 alte.

85 3294 146 3328 rum.
182 3280 258 3344 (136)
277 3281 393 3342 exortus]
411 3298 433 3328 s.
451 3284 514 3329 coni.
536 3305 565 3316 -
578 3286 694 3328 exoritur
706 3285 808 3344 AFPgb.
828 3309 860 3318 -
879 3285 1083 3347 Quandoquidem

85 3353 200 3400 exoritur
214 3355 285 3416 ignis
303 3367 396 3414 quoque
415 3353 544 3400 discedere
561 3351 654 3412 plsoebi
667 3357 699 3400 A.
717 3369 783 3411 apr.
802 3369 882 3400 manu.
902 3357 922 3400 A
938 3371 987 3403 sec.
1005 3361 1083 3405 delete

15 3443 16 3446 ¹
86 3432 123 3464 vv.
141 3423 270 3469 discedere
284 3423 377 3484 phoebi
393 3429 550 3480 etsuperscr.
569 3426 707 3484 cyleneus:
726 3430 751 3469 ut
769 3426 814 3470 sits
834 3423 863 3486 Q.
881 3429 996 3473 exoritur
1011 3415 1086 3489 ignir

85 3497 317 3554 quoqssccyleneus.
354 3490 431 3554 (137)
449 3497 489 3540 Sic
506 3496 592 3550 scripsi
610 3510 623 3540 e
642 3497 698 3540 lect.
718 3496 761 3539 ed.
782 3494 832 3540 A.:
853 3495 886 3528 ὲ·
904 3496 970 3557 Quid
979 3495 1083 3558 sucersi

84 3561 166 3615 Primo
181 3565 253 3610 modo
270 3566 369 3609 cuicum
386 3565 404 3608 1.
425 3564 452 3609 S.
482 3585 517 3600 ι-
534 3564 600 3625 Quid
608 3561 711 3623 faceret
724 3565 836 3623 primum
846 3564 919 3611 docui
936 3583 992 3613 cum
1008 3571 1027 3613 1.
1039 3589 1041 3597 ·
1052 3568 1080 3614 S.

87 3641 107 3673 ³-
126 3637 221 3695 egregie
243 3635 350 3680 divinans
368 3633 456 3690 docui,
485 3637 548 3692 quod
566 3637 644 3690 ipsum
661 3637 719 3680 latet
740 3636 763 3678 in
785 3637 905 3690 corruptis
926 3640 990 3684 iltis:
1010 3638 1082 3688 modo

86 3700 182 3748 cuicum
202 3708 232 3754 A.
253 3729 286 3740 -·
312 3703 377 3766 Quid
395 3700 498 3762 faceret
513 3705 625 3762 primum
652 3705 724 3750 modo
741 3720 798 3750 cum
815 3707 834 3750 I.
854 3706 882 3750 S.
904 3707 948 3766 Pg.
967 3729 999 3744 -
1017 3707 1084 3769 Quid

82 3765 179 3826 ssereret
190 3773 412 3836 primum'muudo
437 3789 494 3818 eum
513 3776 621 3820 culmine
636 3775 702 3820 Solis
719 3776 750 3820 F.
772 3797 801 3808 -
821 3774 886 3836 Quid
895 3774 982 3835 furiat
996 3779 1081 3837 primo

89 3843 243 3892 mundorum
258 3845 352 3893 lumine
370 3843 480 3888 Seniue
496 3858 521 3904 g.
535 3845 601 3890 coni.
613 3844 638 3890 b.
676 3842 746 3900 (138)
766 3846 805 3890 Sic
821 3848 907 3900 scripsi
925 3863 937 3892 e
958 3850 1011 3893 lect.
1031 3851 1079 3894 A.:

89 3929 120 3944 -
140 3913 248 3976 Tempus
262 3921 287 3960 et
302 3927 410 3959 occasus
427 3921 549 3974 moneutq.
578 3914 637 3974 (sic)
655 3913 785 3961 discedere
798 3912 889 3972 plroebi
907 3919 940 3970 (in
958 3932 981 3962 v.
1000 3917 1080 3962 disce.

89 3976 250 4054 1111111111
268 3986 359 4042 punctis
379 3989 489 4038 nutries,
509 3991 535 4031 ut
551 3986 602 4032 sit:
626 3981 737 4043 discere)
755 4008 787 4020 -·
807 3984 916 4047 Tempus
934 3993 957 4032 11
976 4001 1082 4035 occasus
