2796 4746
322 369 364 432 26

320 511 366 575 Et
386 509 441 574 ille
462 509 564 576 laesus
587 508 693 573 multis
715 529 809 591 saepe
826 506 952 572 iniuriis

322 617 445 677 Tamen
465 613 637 696 praeberet
657 633 727 677 sese
747 611 876 676 facilem
900 609 1043 688 mulieri,

321 714 377 780 Sic
398 714 598 781 insidiatrix:
627 716 746 780 Omnes
767 714 950 779 muneribus
969 716 1046 783 licet

322 819 543 895 contendant,
566 841 630 905 ego
653 830 685 882 te
705 818 835 903 plurimi
857 819 944 883 facio
964 832 1081 885 tameo.
1288 821 1306 886 5
1378 889 1379 900 ff

320 923 449 990 luvenis
469 927 645 987 recordans
667 921 815 1009 quotiens
837 925 988 1006 deceptus
1011 924 1117 988 foret:

321 1027 505 1104 Lubenter‚
530 1025 649 1112 inquit,
674 1048 742 1089 mea
762 1025 837 1101 lux,
859 1027 942 1091 hane
964 1048 1077 1091 vocem
1101 1023 1214 1103 audio,

321 1131 398 1195 Non
421 1133 510 1216 quod
529 1129 652 1204 fidelis,
676 1132 732 1193 sed
753 1131 840 1214 quod
865 1130 1000 1194 iucunda
1021 1141 1069 1194 est
1090 1130 1180 1195 mihi.

585 1378 588 1386 ·
674 1357 795 1418 veen.
818 1358 931 1421 axin]

733 1483 889 1562 FIBER.

337 1624 428 1677 Mutet
448 1627 596 1688 viverent,
616 1629 643 1676 et
657 1623 762 1676 salotis
779 1627 880 1693 gratia
892 1628 980 1694 parvi
986 1627 1128 1695 jacerent
1137 1621 1288 1694 sertum.

363 1755 468 1821 Canes
489 1757 633 1840 effugere
655 1779 751 1842 quum
772 1754 834 1819 iam
858 1775 925 1818 non
945 1752 1049 1838 possit
1069 1755 1170 1832 liber,
1268 1739 1272 1750 ’

318 1857 458 1941 (Graeci
477 1858 631 1948 loquaces
654 1880 747 1942 quem
768 1857 920 1924 dixerunt
938 1870 1095 1924 castorem

319 1963 363 2027 Et
382 1943 565 2025 indideeunt
585 1959 705 2048 hestiae
728 1982 843 2025 nomen
865 1959 933 2038 dei,

317 2063 388 2142 Illi,
410 2063 467 2151 qui
486 2063 605 2153 iactant
626 2086 660 2128 se
680 2067 856 2128 verborum
878 2063 1016 2149 eopiaz)
1062 2062 1065 2070 ’

317 2167 615 2251 Abriperemonsu
634 2167 740 2232 fertur
759 2167 926 2234 testiculos
944 2167 1024 2245 sibi,

319 2271 403 2353 Quia
420 2281 558 2357 psopter
578 2270 653 2337 illos
675 2269 789 2336 sentiat
809 2255 877 2336 seso
896 2273 976 2356 peti.

295 2435 298 2442 ,
316 2372 438 2441 Divina
458 2377 547 2461 quod
566 2374 692 2441 ratione
712 2375 786 2440 fieri
808 2395 873 2441 non
894 2397 1028 2463 negem:

317 2479 469 2543 Venator
489 2499 625 2566 namque
648 2478 741 2542 simul
757 2477 881 2544 invenit
900 2480 1093 2560 remedium,

318 2580 448 2647 Omittit
467 2580 571 2664 ipsum
592 2574 744 2668 perseqtii
767 2579 799 2646 et
819 2595 917 2648 vocat
930 2605 1044 2672 'canes

316 2681 395 2747 Hoc
419 2683 446 2748 si
471 2695 635 2768 praestare
656 2697 790 2768 possent
809 2685 972 2762 hominos,
997 2700 1032 2752 nt
1056 2712 1114 2755 suo

316 2786 450 2850 Vellent
466 2809 591 2864 carere,
614 2787 674 2851 tuti
694 2789 833 2871 posthae
855 2790 1022 2868 vivenent;

315 2891 414 2958 Haud
435 2889 602 2978 qnisquam
621 2888 752 2956 insidias
774 2895 860 2958 nudo
882 2893 1006 2960 iaceret
1028 2897 1178 2982 corpori.

700 3120 799 3184 [nnn.
825 3125 926 3186 xxm]

570 3226 767 3312 Papinio
788 3247 851 3311 ev
869 3202 1042 3334 vespm

356 3513 486 3598 Papilio
505 3517 648 3600 Vespam
671 3517 941 3602 praetervolitans
961 3518 1105 3598 viderat;

317 3619 347 3683 0
369 3628 490 3686 sortem
512 3616 671 3706 iniquam!
697 3623 771 3684 dum
792 3619 946 3686 vivebant
965 3644 1125 3709 corpora,

1382 3221 1383 3252 l

314 3383 382 3437 Non
389 3391 593 3456 praeteritam,
614 3385 666 3438 sed
672 3394 852 3458 praesentem
869 3389 1059 3459 aspiciendam
1074 3389 1301 3464 emesenum·
1381 3295 1383 3454 l

1382 3569 1383 3626 l

1382 3695 1383 3752 l

366 3901 426 3945 Fan.
440 3899 539 3946 xxtx.
576 3898 617 3960 (l)
635 3902 732 3948 iactant
742 3901 780 3962 aa]
793 3907 849 3949 vat.
864 3929 897 3940 -
915 3921 943 3951 se
951 3907 1048 3953 iactant
1060 3907 1135 3965 Nssp.
1172 3903 1217 3972 (6)
1234 3907 1298 3968 sees]

314 3967 383 4015 LC.
405 3963 695 4030 z.-eevat.ttesp.
731 3971 957 4034 (10)suo]lleap.
978 3977 1142 4026 mutivit.
1179 3977 1296 4040 (toea-

314 4052 385 4094 νινε,
405 4038 549 4100 tntt]1.z.
569 4063 602 4077 -
620 4055 709 4088 carere
728 4044 765 4090 uti
781 4045 838 4090 Vnt.
857 4065 891 4082 -
908 4053 1008 4094 carent
1025 4049 1062 4093 uti
1081 4047 1158 4104 unp.
