2796 4746
294 409 337 473 tu

291 547 435 614 Virtutis
458 545 574 612 omnis.
595 545 827 630 impedimento
849 557 897 614 cst
915 545 1028 617 timor,

295 651 364 718 Ubi
383 651 504 715 iudicat
519 651 575 738 qui
600 661 742 716 accusat.
768 671 834 714 nou
855 650 910 712 lex
931 649 1031 724 ualet.
1050 651 1106 711 aed
1126 646 1286 711 uiolentia

801 763 930 839 regnat.

205 899 212 914 ι
295 862 420 926 Verum
432 861 580 946 estquod
598 880 661 942 pro
676 859 790 923 salute.
806 859 843 920 fit
857 857 1045 942 plerumque
1061 853 1277 927 mendacium,

296 962 363 1039 Ubi
379 985 464 1030 emas
485 951 599 1035 aliena.
620 962 765 1032 iuvenies
780 961 867 1044 (sin)
881 981 1011 1022 necesse
1025 970 1073 1024 est
1085 971 1152 1022 tua.

502 1065 629 1142 Omnia
649 1067 699 1130 sic
720 1067 757 1128 in
779 1077 927 1160 antroque
948 1063 1075 1139 codice,

663 1242 682 1277 ᾇ
788 1276 807 1310 3
913 1241 931 1276 tt

350 1360 419 1424 lam
440 1356 598 1424 eCodice
622 1355 794 1436 Turiocnsi
814 1355 956 1422 inser-cre
977 1357 1054 1420 licet
1075 1355 1188 1420 Publii
1212 1350 1285 1433 Syri

298 1460 470 1528 Sententiis
496 1464 554 1526 has
575 1483 659 1530 nunc
683 1459 821 1544 primum
842 1459 1005 1534 inventas:
1034 1458 1158 1542 (minus
1185 1469 1288 1522 certae

211 1619 214 1630 .
298 1566 454 1635 asterisco
479 1577 608 1632 notatae
625 1566 735 1646 sumt)

237 1740 245 1755 ν
341 1707 424 1771 Cum
443 1717 542 1771 semet
559 1703 661 1769 vincit
677 1703 821 1786 sapiens,
846 1704 972 1769 minime
988 1703 1142 1769 vincitur.

340 1809 467 1876 Contra
478 1811 603 1878 hostem
617 1808 795 1872 autiortem
805 1820 937 1890 oportet
949 1831 1017 1872 esse
1029 1819 1081 1872 aut
1090 1806 1282 1890 simplicem.

297 1919 316 1956 ⁶*
339 1911 417 1978 Cito
436 1912 561 1995 culpam
582 1909 734 1995 effugies,
758 1910 785 1977 si
801 1911 975 1977 incurrisse
996 1906 1155 1994 poenitet.

183 2041 194 2080 ’,
297 2021 316 2060 *l
338 2015 420 2082 Cum
439 2014 571 2079 inimico
592 2013 753 2100 ignoscis,
776 2016 898 2080 amicos
916 2015 1100 2097 complures
1118 2013 1224 2097 paris.

339 2118 447 2185 Etiam
469 2117 536 2184 siue
554 2118 628 2202 lego
650 2129 788 2201 poeunst
809 2117 1018 2182 conscientia.
1265 2113 1281 2178 5

336 2221 473 2288 Decima
487 2224 571 2286 hora
586 2221 707 2285 arnicos
722 2221 830 2304 plnres
846 2243 940 2306 qnam
953 2221 1056 2304 prima
1071 2221 1213 2288 invenis.

341 2326 528 2390 Famulatur
549 2325 712 2401 domiuus,
734 2323 790 2388 ubi
805 2323 911 2402 timet,
936 2325 1052 2411 quibus
1070 2326 1228 2410 imperat,

240 2480 244 2488 .
297 2435 316 2473 t
337 2431 465 2495 Frenos
484 2427 614 2510 impone
633 2426 779 2513 linguae,
803 2428 879 2510 poni
901 2429 1039 2511 saepius.

340 2538 482 2609 Gnavat,
505 2535 595 2618 quod
615 2532 724 2595 fronte
746 2531 828 2594 laeta
848 2534 918 2609 das,
941 2532 1028 2596 tristi
1051 2533 1171 2616 accipi.

340 2634 482 2702 Humilis
501 2657 561 2699 nec
579 2636 641 2698 alte
660 2638 780 2715 ¹cadere
800 2657 860 2698 uec
882 2635 1027 2720 graviter
1045 2649 1166 2720 potest.
1248 2635 1281 2695 10
1386 2707 1388 2730 Ι

340 2741 553 2804 Honestatem
573 2738 698 2814 laedes,
722 2761 816 2822 quum
840 2761 902 2820 pro
919 2738 1054 2826 indigno
1077 2753 1182 2823 petes.

341 2843 434 2910 Mala
457 2853 504 2915 est
525 2841 651 2923 inopia,
675 2863 756 2926 quae
778 2841 919 2914 nascitur
936 2865 978 2906 cx
996 2843 1105 2926 copia.
1127 2863 1130 2868 ·

297 2953 316 2990 ὕ
341 2948 419 3020 Non
439 2945 510 3016 leve
529 2942 719 3017 beneficium
740 2956 897 3027 praestat,
921 2945 976 3031 qui
1000 2946 1065 3011 cito
1088 2960 1199 3032 negat.

297 3055 317 3096 ¹*
341 3050 456 3115 Placet
478 3047 588 3112 amicis
612 3047 698 3122 olus,
722 3051 811 3133 quod
830 3069 916 3111 mens
930 3048 1050 3113 ‘condit
1068 3053 1166 3123 bona,

339 3152 444 3230 Petit,
468 3151 523 3242 qni
546 3149 712 3242 irascitui,
736 3149 912 3233 periculum
935 3151 1009 3216 sibi.
1243 3148 1276 3213 15

298 3257 317 3294 i*
344 3254 408 3336 Qui
429 3267 527 3319 semet
548 3265 693 3328 accusat,
717 3253 850 3318 crimine
870 3277 934 3318 uou
956 3255 1092 3340 indiget.

341 3360 558 3444 Quotcunque
583 3357 744 3429 calamitas
769 3357 911 3442 qrraerit,
933 3357 1187 3432 sacile‘inveuit.

341 3463 439 3542 Quod
459 3472 508 3525 cst
529 3472 713 3537 venturum,
744 3460 868 3544 sapiens
890 3461 981 3550 quasi
1001 3485 1153 3558 praesens
1177 3470 1272 3530 cavet.

349 3661 425 3728 (106)
443 3663 528 3720 Abest,
546 3664 603 3711 Fuit
619 3665 738 3724 fortasse:
760 3662 853 3718 Virtuti
869 3665 939 3716 omni
956 3665 1130 3726 impedimento
1140 3664 1229 3728 saltur
1241 3665 1274 3707 ⁶⁸!

293 3733 394 3796 μάθῃ·
415 3739 439 3777 ut
454 3749 526 3790 supro
542 3749 637 3792 quoque
655 3749 678 3779 v.
696 3731 739 3781 85.
753 3737 866 3781 timorem
876 3737 1036 3794 interpolator
1049 3725 1171 3785 substituit
1178 3730 1272 3797 pudori·

298 3805 368 3861 (107)
386 3806 470 3856 Abest.
501 3805 704 3852 videtui-fuisse:
737 3804 907 3862 Ubiiudicat,
940 3807 1120 3868 quiescunt,
1151 3810 1202 3863 oia,
1231 3813 1274 3849 Νη

297 3879 356 3930 lex,
376 3877 449 3923 colet.
487 3871 744 3934 (1⁰8)=771.0.
769 3887 801 3929 ,.·.
826 3873 1271 3939 915.u.nnom.pnrumqne011·

297 3944 371 4005 (109)
388 3946 472 3992 Aliost.
499 3945 569 3993 Latet
594 3945 698 3992 fortasse
724 3946 749 3992 in
777 3946 814 3990 his
842 3947 938 4003 ineptiis
965 3949 1083 3994 sententia
1101 3941 1270 3994 huiuscemodi:

298 4016 344 4062 Ubi
361 4029 431 4060 emur
450 4014 549 4069 alienu,
573 4013 705 4072 disperdes
723 4023 892 4075 temporina,
930 4017 1025 4063 Etenim
1040 4031 1110 4075 saepe
1126 4017 1274 4076 interpolator

298 4088 433 4142 contraria,
453 4087 526 4131 veluti
545 4085 657 4130 insanire
674 4091 698 4132 ct
713 4085 834 4146 perdere,
854 4088 917 4136 iuter
935 4100 961 4133 sc
979 4089 1132 4154 permutavit.
