2788 4772
252 368 336 432 252

339 501 465 572 Aetatis
487 504 606 569 mediae
632 504 785 587 quendam
812 501 924 566 mulier
946 522 1011 566 uon
1032 499 1119 565 rudis

296 611 443 675 Tenebat
464 629 564 672 annos
586 606 691 670 celans
713 605 887 688 elegantia:

294 712 496 796 Animosque
518 708 657 774 eiusdem
678 707 813 790 pulchra
835 706 958 770 iuvenis
981 692 1120 789 ceperat.
1287 707 1303 768 d

296 817 439 889 Ambae,
465 811 567 877 videri
589 814 661 875 dum
684 811 797 873 volunt
818 810 862 872 illi
884 831 996 892 pares,
1103 819 1106 824 '

297 915 441 1000 Capillos
463 913 583 981 homini
603 914 713 999 legere
736 934 874 994 coepere
896 911 1045 974 invicem.

297 1018 360 1099 Qui
382 1037 415 1080 se
437 1027 569 1100 putaret
589 1016 668 1100 fingi
690 1037 766 1077 cura
788 1014 973 1090 mulierum,

295 1119 416 1186 Calvus
438 1131 570 1201 repente
591 1119 694 1181 lactus
716 1129 780 1180 est:
804 1139 874 1178 nam
897 1116 1039 1180 funditus

296 1222 404 1288 Canos
426 1222 549 1304 puella,
574 1211 685 1305 nigras
708 1241 785 1282 anus
808 1219 972 1282 evellerat.
1003 1213 1005 1218 ’

705 1445 802 1508 [run.
827 1447 889 1506 uu]

337 1597 545 1662 Assorus
575 1597 639 1661 An
670 1597 906 1676 QUENDAM
935 1597 996 1660 na
1025 1549 1262 1692 succus-sn
1295 1545 1298 1550 ⁵

493 1733 497 1740 ,
661 1700 1006 1800 'lurnosounm
1294 1696 1299 1706 ’

336 1842 514 1905 Laceratus
536 1839 660 1922 quidam
685 1859 793 1900 morsu
816 1837 1009 1902 vehementis
1032 1838 1117 1903 canis

295 1943 443 2006 Tinctum
465 1962 584 2004 cruore
605 1961 719 2022 panem
743 1940 898 2022 [imeisit
920 1942 1081 2020 malefico,
1114 1941 1118 1950 '

214 2096 218 2113 f
293 2045 450 2108 Audierat
472 2064 540 2106 esse
563 2039 844 2127 quod'remedinm
870 2044 1019 2108 vulneris.
1096 2040 1103 2060 '

293 2150 387 2210 Tunc
407 2147 453 2209 sic
475 2147 644 2230 Aesopus:
668 2147 745 2210 Noli
767 2168 874 2208 coram
896 2147 1040 2228 pluribus

291 2250 367 2312 Hoc
388 2248 496 2312 facere
519 2249 666 2326 canibus,
691 2271 729 2310 ne
751 2270 810 2312 nos
833 2249 927 2313 vivos
950 2253 1126 2330 devorent,
1279 2255 1296 2316 5

293 2351 399 2431 Quum
422 2345 552 2415 scierint
573 2373 642 2415 esse
664 2353 727 2414 tale
750 2352 862 2435 culpae
884 2354 1070 2434 praemium.
1139 2355 1142 2360 ’
1220 2359 1224 2366 ’

293 2454 465 2518 Successus
486 2454 707 2538 improborum
730 2455 837 2539 plures
860 2455 968 2519 allicit.
1042 2440 1046 2446 ’

707 2625 796 2733 [run
825 2673 886 2734 tu]

480 2812 685 2895 AQUILA,
708 2813 857 2876 FELES
879 2815 941 2878 ET
954 2815 1105 2881 APER.

332 2952 451 3037 Aquila
470 2952 502 3016 in
525 2952 653 3016 sublimi
673 2974 795 3038 quercu
816 2952 919 3017 nidum
941 2951 1100 3044 lacerata,
1138 2976 1140 2980 ·

290 3056 383 3122 Feles
405 3041 574 3119 cuvernam
596 3067 689 3119 nacta
711 3056 744 3118 in
766 3056 867 3119 media
887 3072 1078 3142 pepererat:

291 3159 351 3222 Sus
373 3157 512 3222 nemoris
534 3157 653 3221 cultrix
674 3159 772 3222 fetum
795 3159 945 3223 adimam
968 3159 1133 3245 posuerat.

291 3261 374 3324 Tum
395 3260 562 3325 fortuitum
583 3261 663 3325 seles
685 3263 930 3327 contubernium
1107 3263 1122 3294 '

289 3476 362 3519 snpra
380 3463 501 3507 sadiccta.
538 3462 648 3517 „Contra
659 3464 730 3509 vinc.
744 3465 814 3512 affert
828 3479 841 3510 e
855 3465 943 3512 ilem:
968 3489 993 3499 -
1004 3467 1126 3526 quaedum
1133 3483 1144 3524 ;
1163 3473 1244 3530 sicque
1264 3486 1287 3528 p.

288 3557 322 3568 -
341 3531 446 3592 quedam
464 3531 524 3587 (sine
541 3529 640 3591 lineola)
658 3533 705 3577 P.”
750 3534 781 3578 Ut
803 3535 827 3578 in
844 3536 892 3579 ind.
917 3549 969 3594 seq.
989 3537 1038 3581 fab.
1058 3538 1088 3584 P.
1108 3540 1193 3587 babet:
1212 3541 1287 3589 Eso-
1364 3489 1365 3577 1

287 3600 349 3648 Pus
373 3600 419 3647 AD
448 3597 597 3661 QUEDAM.
645 3601 719 3657 „Non
749 3608 786 3647 est
808 3607 831 3648 in
856 3603 916 3652 Cau.
944 3606 974 3650 P.
1003 3607 1139 3665 quaedam,
1171 3618 1196 3656 nt
1213 3615 1288 3659 refert

288 3672 407 3717 Gudins.’'
423 3671 501 3716 Banu.
528 3670 572 3726 (-
595 3670 667 3716 redu
683 3669 728 3730 R.)
770 3670 805 3728 (t)
828 3671 1053 3732 tenebat]P1-sscb.
1073 3679 1135 3724 Gnd.
1155 3682 1181 3726 8.
1202 3703 1235 3718 -
1252 3688 1286 3726 te.

287 3741 363 3801 gebat
373 3741 403 3788 P.
417 3741 447 3787 ll.
464 3752 487 3795 p.
507 3737 552 3798 (-
570 3741 693 3802 eligantia
711 3741 741 3785 P.
756 3739 800 3798 u.)
836 3739 871 3798 (5)
889 3767 922 3778 -·
940 3747 1087 3806 animusque
1106 3749 1136 3792 P.
1173 3750 1210 3808 (8)
1228 3747 1287 3814 Qui}

287 3809 318 3856 P.
334 3809 365 3854 ll.
384 3822 408 3865 p.
456 3810 565 3864 „Melina
585 3809 697 3855 Editores
715 3813 806 3866 (Burm.
828 3809 869 3869 S.)
891 3827 983 3872 quum,
1012 3831 1071 3874 qnae
1094 3831 1139 3862 vox
1160 3824 1237 3867 tamen
1262 3821 1285 3865 in
1363 3863 1364 3882 ¹

288 3879 333 3924 Cd.
355 3892 449 3934 semum·
473 3880 587 3924 scribitur
610 3894 653 3936 per
674 3894 687 3923 c
709 3880 812 3937 (curn).’'
830 3881 906 3928 Banu,
944 3885 1030 3945 (thid.)
1041 3884 1123 3949 flagi]
1142 3889 1237 3948 sciopp,
1258 3891 1283 3934 s.

289 3973 322 3983 -
336 3949 413 4010 pingi
430 3950 459 3993 P.
479 3949 509 3994 lt.
528 3964 553 4004 n.

340 4018 400 4064 Pia.
426 4019 470 4063 ΙΙΙ.
508 4015 545 4075 (1)
570 4028 609 4066 cto
640 4015 775 4066 uelamenti
803 4022 921 4082 bongars.
954 4026 1070 4073 llittersb.
1104 4031 1179 4079 sulm.
1208 4031 1283 4077 Gron.
