2796 4746
312 366 354 429 18

312 506 415 571 Levis
433 519 481 572 est
501 507 646 571 fortuna.
669 506 738 572 cito
759 507 917 590 reposcit.
941 509 1032 593 quod
1052 505 1152 571 dedit.
1245 507 1312 570 215

312 613 386 675 Lux
407 610 556 674 universa
578 621 639 674 est.
663 631 745 696 quae
765 609 855 675 iubet
875 609 965 674 nasci
985 621 1019 674 et
1037 609 1134 675 mori.

665 757 790 819 Cetera
811 752 947 817 desivit.

312 943 473 1006 PUBLII
497 945 603 1008 SYRI
626 954 657 1006 et
672 858 999 1006 aliorurirlscntentiae
1010 939 1130 1025 partim
1144 941 1315 1018 sincerae,

352 1046 471 1129 partim
489 1049 529 1108 ab
546 1044 675 1110 homine
691 1044 879 1110 Christiano
894 1045 1123 1129 interpolatae,
1142 1068 1161 1109 e
1180 1044 1313 1110 Codice

355 1148 528 1212 'l'uricensi
549 1151 623 1212 Sec.
650 1150 717 1214 lX.
739 1146 782 1214 C.
810 1149 864 1213 78.
882 1151 978 1226 451„
1004 1170 1100 1236 quem
1122 1171 1227 1233 nuper
1256 1153 1315 1212 de-

355 1251 471 1336 scripsi
492 1252 526 1315 in
549 1251 730 1335 Helperico
752 1273 838 1318 mco.

256 1415 259 1426 ,
313 1356 549 1423 Contumeliam
567 1377 626 1419 nec
643 1355 741 1421 sortis
764 1367 885 1439 potest.
910 1378 970 1420 nec
991 1379 1113 1442 egenus
1132 1355 1235 1420 ferre.

313 1460 396 1527 Cum
419 1471 518 1524 semet
537 1458 638 1523 vincit
657 1459 795 1542 sapiens.
819 1458 947 1524 minime
968 1459 1123 1524 vincitur.

257 1601 261 1608 ·
314 1563 435 1629 Comes
453 1563 622 1626 facundus.
646 1584 709 1645 pro
729 1561 880 1627 vehiculo
900 1574 949 1627 est
969 1562 1002 1625 in
1027 1565 1092 1627 via.

316 1666 399 1732 Cum
421 1665 554 1731 inimico
575 1688 670 1730 nemo
694 1664 873 1750 ingratuitu
894 1665 1084 1730 revertitur.

313 1769 438 1835 Contra
450 1772 575 1834 hostem
588 1780 640 1832 aut
654 1769 775 1833 sortem
788 1780 922 1852 oportet
933 1791 1001 1833 csse
1013 1782 1067 1832 aut
1078 1769 1273 1854 simplicem.
1292 1775 1311 1836 5

305 1872 392 1952 'Cito
406 1873 501 1955 culpa
512 1870 641 1956 effugiri
652 1882 773 1954 potest.
786 1869 814 1934 si
826 1873 953 1956 culpam
964 1873 1109 1956 poenitet
1120 1874 1312 1940 iucurrisse.

314 1977 377 2042 cui
396 1997 507 2039 omnes
525 1974 727 2038 benedicent.
749 1976 949 2058 populorum
967 1977 1114 2058 possidet
1135 1982 1236 2044 bona.

315 2079 398 2146 Cum
419 2077 569 2164 periculo
592 2076 732 2142 inferior
753 2077 880 2165 quaerit
904 2077 1062 2165 quidquid
1080 2083 1231 2165 superins
1253 2106 1311 2149 oc-

827 2182 949 2246 cultare
972 2184 1153 2248 contendit.

314 2285 416 2352 Caeci
427 2298 499 2350 sunt
518 2284 605 2352 oculi
621 2285 704 2350 aliis.
728 2288 856 2371 quaudo
871 2288 969 2350 rebus
984 2288 1096 2351 attenti
1110 2301 1185 2352 sunt
1200 2289 1302 2354 animi.

246 2385 248 2396 ’
313 2388 1305 2476 Caretcrebropericulisquitutusinprosperiscautusest.10

314 2494 466 2560 Crudelis
488 2505 536 2557 est
557 2493 590 2557 in
606 2516 642 2559 re
664 2497 800 2558 adversa
817 2493 1022 2579 subiungatio
1045 2497 1143 2560 sceba
1158 2498 1241 2579 (sie)
1259 2497 1309 2560 vel

822 2618 931 2662 saeva.

314 2699 496 2766 Consilium
504 2699 690 2765 inadversis
699 2699 875 2764 medicinae
891 2699 1064 2764 remedium
1072 2702 1310 2784 prudentisest.

314 2803 398 2870 Cum
407 2803 539 2870 inimico
550 2803 708 2890 ignoscis.
719 2802 842 2869 amicos
850 2804 954 2889 gratis
969 2805 1143 2888 conplures
1153 2806 1312 2892 adquiris.

366 2987 440 3050 (215)
460 3000 492 3036 ε
514 2987 573 3036 359.
591 2989 623 3035 0.
655 2999 688 3034 ε
713 2985 774 3034 101.
792 2990 822 3033 Β.
847 2997 887 3035 Ν
912 3002 974 3049 quur
990 2986 1061 3034 dedit
1073 2987 1126 3034 OB.
1181 2987 1256 3049 (216)
1274 3001 1309 3035 .·.·.

315 3058 374 3108 311.
393 3061 425 3106 0.
446 3059 479 3105 .-':
501 3058 561 3106 106.
579 3061 608 3105 B.
621 3071 660 3106 oo
677 3059 791 3104 reniumi
807 3059 859 3104 OB.

366 3131 442 3177 COD.
462 3132 571 3176 t'utttc.
609 3130 647 3187 (1)
668 3141 701 3174 =
723 3128 826 3175 726.0.
847 3138 880 3173 .·“..
899 3124 998 3174 tlon.
1017 3152 1050 3163 -
1068 3123 1251 3173 Contumeliam
1263 3143 1311 3173 nec

313 3203 441 3262 ingenuus
452 3199 511 3260 sert
530 3214 575 3244 nec
587 3197 671 3259 sortis
681 3197 761 3259 fucit.
782 3200 814 3244 O.
840 3209 880 3245 oo
904 3194 1085 3242 Contumeliam
1103 3213 1149 3243 nee
1157 3197 1243 3258 sortia
1252 3197 1313 3258 sert

313 3285 391 3330 neque
410 3273 537 3331 ingenuus
549 3267 621 3329 fucit
638 3272 686 3318 B.:
706 3271 743 3315 eui
759 3271 848 3314 rationi
866 3270 996 3324 opitulatur
1014 3275 1095 3324 mepta
1110 3270 1221 3314 monachi
1235 3271 1311 3314 iuter·

313 3343 415 3398 potatio.
453 3340 491 3399 (2)
507 3342 584 3386 Ahest
600 3341 630 3385 sb
645 3340 699 3386 OB.
737 3337 774 3396 (3)
794 3351 826 3384 =
848 3337 963 3398 127.f0.
983 3349 1014 3382 =
1038 3337 1097 3388 137.
1113 3341 1143 3384 B.
1165 3349 1205 3386 eto
1225 3339 1311 3383 insin

311 3425 360 3469 pru
382 3409 495 3456 uehiculo
509 3417 556 3456 set.
568 3411 622 3456 OB.
658 3407 695 3467 (1)
712 3421 746 3454 =
768 3407 871 3456 153.0.
885 3407 986 3454 3168.
997 3409 1027 3453 B.
1041 3418 1080 3456 eto
1097 3409 1124 3453 in
1136 3410 1311 3469 gratiumtuto

313 3480 380 3526 redit
394 3481 445 3528 OB.
484 3479 523 3541 (5)
549 3483 625 3526 Atust
645 3482 676 3525 ab
695 3479 747 3526 OB.
785 3477 823 3537 (6)
849 3480 925 3524 ABsst
948 3479 978 3524 ab
1002 3480 1054 3524 OB.
1095 3480 1153 3524 Fuit
1173 3480 1312 3524 huiusmodi

313 3553 421 3611 aliquid:
443 3547 496 3596 cuo
517 3553 618 3609 culpam
637 3549 759 3613 effugies,
778 3551 804 3596 ai
820 3550 963 3595 incurrisse
979 3549 1100 3608 poenitet.
1137 3548 1174 3605 (7)
1194 3559 1228 3594 =
1250 3546 1311 3594 146.

314 3621 345 3666 O.
369 3632 401 3666 =
424 3619 482 3671 158.
504 3623 531 3666 B.
553 3632 593 3669 oo
617 3617 663 3667 cut
683 3634 770 3666 omnes
792 3619 970 3677 benedicunt,
989 3619 1105 3678 possidet
1125 3621 1218 3678 pupuli
1234 3618 1311 3674 bonu,

314 3692 367 3736 OB.
405 3689 443 3748 (8)
465 3692 539 3738 Abest
557 3693 587 3735 ub
604 3692 656 3736 OB.
676 3692 735 3750 Lug.
748 3693 875 3748 superior.
914 3689 952 3749 (9)
973 3700 1005 3734 =
1025 3687 1083 3734 113.
1101 3688 1133 3738 0.
1157 3700 1189 3735 =
1210 3685 1311 3734 1253.

312 3771 351 3808 eto
373 3759 447 3806 Caeci
473 3769 532 3808 sunt
555 3764 637 3817 ocull,
663 3776 738 3821 quum
762 3763 864 3805 antenus
883 3761 951 3806 alius
967 3774 1010 3804 res
1025 3761 1082 3820 ugit
1097 3759 1148 3804 OB.
1198 3757 1256 3817 (1⁰)
1277 3769 1310 3803 ε

316 3828 374 3878 111,
394 3831 425 3876 0.
446 3843 477 3877 ,τ
501 3831 558 3877 122.
580 3833 609 3877 B.
628 3841 667 3879 eo
684 3830 758 3876 Curet
774 3831 904 3888 periculo,
928 3832 970 3891 qui
988 3831 1078 3882 otium,
1096 3843 1171 3889 quum
1181 3835 1221 3875 est
1232 3834 1312 3881 tutus,

314 3907 383 3944 ruunt
399 3901 450 3947 OB.
489 3902 545 3956 (111
569 3913 601 3946 τ’.
626 3900 684 3948 113.
707 3902 738 3946 0.
761 3911 793 3947 Ξ
816 3897 873 3946 155.
896 3902 924 3948 B.
940 3911 979 3948 oo
994 3898 1110 3944 crudelia
1132 3904 1171 3944 est
1182 3900 1209 3943 in
1221 3913 1250 3941 re
1266 3896 1311 3942 ud·

314 3983 388 4015 uerna
406 3972 551 4032 obiurgatio
566 3972 618 4020 OB.
656 3970 702 4030 (12
717 3978 741 4018 et
755 3969 798 4025 13)
817 3971 911 4015 tusum
926 3971 956 4014 ab
973 3971 1025 4018 OB.
1063 3971 1090 4014 ln
1102 3983 1125 4013 v.
1142 3966 1181 4014 13.
1200 3969 1247 4014 truc
1259 3970 1309 4013 tere
