2768 4750
736 519 831 580 [sss.
852 519 905 580 u]

562 639 744 706 TAURUS
766 642 827 706 ET
849 641 1065 706 VITULUS.

363 762 512 845 Angusto
534 758 566 822 in
587 761 672 824 aditu
691 771 800 825 taurus
822 763 944 826 luctans
967 761 1139 837 cornibus,

264 871 267 878 '
324 863 428 942 Quum
449 863 504 924 vix
525 861 642 926 intrare
663 875 774 946 posset
796 866 835 927 ad
858 864 1039 946 praesepia,

322 965 528 1028 Monstrabat
549 964 665 1028 vitulus
687 987 752 1049 quo
774 986 808 1029 se
829 977 925 1048 pacto
945 951 1111 1048 plecteret.

324 1069 430 1144 Tace,
454 1067 571 1150 inquit,
595 1078 666 1130 ante
687 1069 750 1143 hoc
771 1067 866 1143 novi,
890 1089 983 1151 quam
1004 1079 1037 1130 tu
1058 1077 1148 1156 natus
1169 1087 1220 1132 es.

368 1168 432 1249 Qui
454 1168 628 1234 doctiorem
651 1155 793 1252 emendat
802 1169 815 1247 ,'
835 1169 896 1232 sibi
916 1169 976 1234 diei
995 1179 1098 1253 putet.

728 1332 825 1393 [run.
851 1331 915 1392 su]
983 1381 984 1385 ,

437 1453 659 1518 caussas
684 1455 862 1518 suavus
885 1455 946 1518 uu
968 1437 1208 1517 venacus.

315 1603 317 1610 ·
367 1576 532 1637 Adversus
555 1576 779 1662 omnesfortis
803 1575 930 1636 veloces
951 1573 1038 1637 feras

325 1674 421 1739 Canis
444 1699 538 1760 quum
562 1678 688 1741 domino
711 1699 834 1757 semper
854 1677 982 1740 fecisset
1003 1676 1099 1751 satis,

318 1777 494 1862 'Languere
517 1779 622 1859 coepit
645 1778 731 1840 annis
754 1780 1001 1862 ingravantibus.

324 1880 508 1963 Aliquando
532 1881 675 1943 obiectus
698 1880 810 1961 hispidi
841 1902 966 1964 pugnae
989 1880 1053 1944 suis

325 1981 476 2062 Adripuit
498 2003 621 2044 aurern:
646 1986 700 2044 sed
722 1982 852 2046 cariosis
875 1982 1020 2045 dentibus

325 2085 481 2148 Praedam
504 2083 631 2147 dimisit.
678 2085 741 2146 Hte
762 2096 836 2146 tunc
858 2097 990 2149 venator
1013 2087 1121 2150 dolens

326 2185 444 2250 Canem
467 2187 670 2270 obiurgabat.
715 2185 777 2250 Cui
797 2187 914 2250 latrans
937 2200 1047 2251 contra
1068 2210 1183 2252 senex:

324 2291 399 2352 Non
423 2300 453 2350 te
476 2288 614 2351 destituit
636 2287 772 2362 animus,
797 2291 850 2350 sed
873 2289 959 2352 vires
981 2311 1080 2353 meae.

325 2387 425 2472 Quod
440 2389 575 2466 fuimus,
601 2389 757 2464 laudasti3
778 2389 836 2452 iam
859 2392 1003 2468 damnas.
1029 2395 1114 2476 quod
1135 2405 1256 2458 sumus.
1297 2359 1302 2368 ⁸
1370 2428 1371 2439 .

366 2493 441 2557 Hoc
463 2512 538 2570 cur,
562 2493 706 2568 Philete,
728 2491 925 2575 scripserim,
949 2495 1079 2577 pulchre
1101 2495 1202 2559 vides.
1278 2497 1313 2558 tu

376 2676 436 2722 Fae.
456 2675 491 2719 X.
527 2671 564 2732 (3)
591 2683 629 2720 mo
650 2675 763 2737 flecteret
786 2675 902 2733 Bongars.
931 2675 990 2720 nur.
1014 2673 1092 2721 Bentl.
1110 2676 1212 2721 Omnino
1232 2677 1315 2723 incerti

325 2751 379 2790 sunt
387 2747 448 2799 loci,
460 2759 472 2789 e
483 2744 596 2801 quibusr.
606 2743 729 2800 plectendi
735 2745 780 2788 boc
789 2743 920 2802 significatu
927 2746 1028 2790 afferunt
1039 2747 1143 2801 Interpp.
1163 2743 1201 2804 (i)
1211 2752 1316 2806 quorntu

325 2821 400 2860 natue
420 2810 457 2871 es]
476 2814 599 2857 Romulus.
620 2827 643 2867 p.
658 2815 683 2857 S.
705 2834 735 2844 —
754 2821 827 2872 quam
842 2807 917 2858 uritur
928 2827 955 2858 es
974 2815 1003 2859 P.
1023 2837 1056 2850 -··
1073 2829 1147 2876 quum
1161 2822 1235 2862 natus
1245 2829 1313 2862 ceses

324 2885 355 2930 R.
375 2881 466 2937 syllaba
484 2896 527 2926 sec
544 2883 635 2938 punctis
656 2887 746 2930 notata.

375 2953 435 2996 Fan.
454 2953 501 2996 Xl.
537 2950 585 2996 ΕΤ
603 2948 736 3009 SERVUS]
754 2953 783 2996 P.
806 2973 834 2984 -
856 2949 980 2997 smus
990 2953 1019 2997 R.
1040 2957 1177 3007 corruptum
1199 2967 1228 2998 ex
1245 2953 1313 2999 SUS.

324 3016 365 3084 (1)
376 3018 457 3081 fortir
474 3023 568 3066 veloces
587 3034 611 3076 p.
631 3021 657 3065 S.
679 3043 708 3052 —
721 3016 806 3078 sortes
823 3026 846 3064 et
863 3023 955 3065 celoces
974 3023 1003 3066 P.
1024 3023 1054 3066 R.
1091 3019 1129 3079 (2)
1147 3020 1231 3081 quain]
1254 3037 1280 3079 p.
1291 3026 1313 3067 S.

326 3114 356 3125 -
373 3091 431 3136 dum
443 3092 472 3136 P.
491 3093 521 3136 R.
542 3092 613 3146 (nou:
633 3096 684 3134 tum
702 3089 748 3149 gd]
769 3114 800 3123 —
818 3089 1011 3150 iugrnbantibus
1028 3092 1058 3135 P.
1075 3092 1104 3135 R.
1143 3089 1180 3149 (6)
1198 3090 1267 3150 tuuc]
1288 3095 1314 3137 Ρ.

324 3162 354 3205 R.
373 3175 397 3216 p.
419 3183 448 3194 -
467 3167 518 3205 tum
535 3161 589 3219 stig.
610 3161 635 3204 S.
681 3157 718 3215 (7)
736 3162 835 3204 latrans
853 3165 939 3203 contra
960 3159 1049 3219 senex]
1067 3161 1215 3206 Brouclthus.
1235 3163 1314 3221 Hoog·

324 3235 392 3276 strat.
413 3231 437 3278 S.
456 3254 489 3263 -
506 3244 585 3275 senex
604 3235 691 3273 contra
710 3229 808 3272 latrum
831 3229 859 3273 P.-
885 3229 915 3272 R.
934 3243 957 3284 p.
979 3250 1009 3261 -
1028 3236 1114 3274 contra
1134 3243 1214 3274 senex
1232 3231 1316 3276 Lacon

323 3301 402 3344 Bentl.
439 3297 476 3358 (8)
496 3321 525 3332 -
545 3312 593 3343 uon
609 3313 647 3342 me
665 3299 741 3343 Bentt.
779 3295 817 3354 (9)
837 3299 875 3342 Sic
895 3301 981 3352 partim
1002 3312 1055 3343 cum
1074 3299 1104 3342 Α.
1124 3305 1147 3344 et
1165 3299 1268 3344 Romulo
1291 3303 1315 3344 de

324 3371 407 3414 Burin.
428 3369 490 3413 coni.
519 3369 544 3413 S.
566 3391 595 3402 -
615 3367 685 3428 Quod
697 3363 799 3425 suimus
817 3366 924 3422 laudas,
956 3369 1007 3411 iem
1024 3367 1129 3413 damnes
1146 3367 1211 3426 quod
1230 3381 1314 3413 numus

323 3440 354 3488 Ρ.
375 3439 404 3483 R.
427 3439 482 3496 mg.
502 3437 547 3481 Ed.
568 3435 592 3482 1.
611 3437 694 3482 Nerei.
711 3461 743 3470 -
757 3435 827 3498 Quod
834 3434 935 3496 suimus
947 3437 1055 3492 iccuduc,¹
1073 3438 1124 3481 inm
1135 3437 1241 3482 damnas
1253 3435 1315 3497 quod

325 3522 375 3553 nou
390 3521 477 3553 sumtis
491 3521 515 3562 p.
528 3508 610 3552 Burm.
629 3517 667 3554 me
684 3504 755 3567 Quod
764 3503 866 3563 suimus
881 3505 976 3561 lauda,
996 3507 1021 3550 ri
1035 3508 1088 3551 iem
1108 3506 1233 3562 damnor,
1253 3501 1320 3566 quod

325 3591 413 3622 eumue
439 3576 500 3621 Gud.
523 3575 601 3621 Benil.
638 3572 696 3635 (10)
711 3574 814 3634 ¹Phileto
831 3574 894 3634 scm]
914 3575 975 3620 Gud.
999 3577 1024 3620 S.
1049 3598 1074 3608 -
1097 3573 1170 3620 Fiiite
1188 3577 1243 3632 (sic)
1261 3590 1311 3620 ccr.

325 3648 355 3691 P.
380 3661 405 3702 p.
435 3668 464 3678 -
488 3643 536 3708 flio
559 3645 736 3706 descripserim
759 3645 788 3689 R.
825 3647 890 3699 „Sur
911 3646 941 3689 l'c
959 3647 988 3689 de
998 3642 1045 3707 file
1068 3659 1097 3689 uu
1118 3646 1141 3699 i,
1172 3659 1262 3690 comme
1279 3647 1313 3690 s'ii

324 3717 402 3760 fnilait
419 3713 538 3777 lirefi1i5
564 3716 624 3760 mais
643 3718 665 3759 le
690 3714 719 3759 de
748 3717 776 3758 de
803 3712 981 3770 descripserim
999 3716 1074 3760 donne
1093 3712 1107 3758 it
1125 3727 1210 3769 penser
1228 3715 1313 3772 qu’iir

326 3786 390 3829 auoit
406 3787 454 3830 te.”
471 3781 593 3830 Vinceur.
614 3783 656 3840 (-·
674 3781 792 3842 pulchrae
809 3785 839 3828 P.
858 3781 900 3836 tt.)
918 3784 944 3826 In
956 3781 1017 3831 fine:
1036 3782 1145 3830 Pineum·
1155 3783 1221 3845 Aug.
1232 3781 1313 3829 liberti

326 3853 400 3899 Liber
419 3855 520 3914 quintus
536 3855 642 3914 explicit
651 3850 766 3914 feliciter
785 3853 845 3897 Cod.
864 3853 997 3916 Remensis.

653 3982 992 4010 m
