2788 4772
282 305 323 366 tt

282 445 373 522 Quae
395 439 452 505 tibi
475 441 615 507 molestis
639 441 781 504 muribus
803 461 909 525 purgo
932 441 1073 505 domum.

281 543 463 626 Respondit
483 546 555 609 iile:
579 545 719 608 Faceres
740 543 768 606 si
790 553 883 605 causa'
905 549 992 618 mee,

281 650 415 712 Gratum
439 660 521 711 esset
543 660 576 711 et
600 646 754 710 dedissem
777 645 900 710 venient
921 645 1068 728 supplici.

282 753 378 815 Nunc
401 751 472 836 quia
494 751 645 826 labores,
670 761 704 812 ut
725 749 843 813 intueris
864 747 1029 831 reliquiis,

281 855 369 934 Quas
391 865 463 916 sunt
483 853 610 930 rosuri,
633 852 725 916 simui
747 864 778 916 et
798 851 886 934 ipsos
909 854 1065 929 devores,

280 955 362 1021 Noli
382 955 536 1037 imputare
559 977 673 1020 ventum
695 955 883 1032 beneficium
905 954 994 1019 mihi.

280 1061 389 1144 Atque
411 1059 454 1121 ita
475 1059 601 1122 locutus
622 1057 801 1141 improbem
824 1059 890 1122 leto
912 1057 1012 1122 dedit.

281 1163 357 1225 Hoc
378 1161 411 1224 in
432 1184 466 1225 se
489 1161 606 1224 dictum
629 1164 744 1225 debent
765 1161 812 1224 itlt
833 1182 1030 1247 agnoscere,

282 1265 429 1344 Quorum
452 1263 580 1346 private
601 1264 703 1328 servit
723 1262 843 1328 utilitas
862 1262 925 1329 ‘sibi
1088 1247 1091 1260 ¹

280 1370 324 1433 Et
346 1367 491 1433 meritum
513 1366 606 1432 inane
626 1365 745 1432 iactant
764 1366 1028 1452 imprudentibus.
1099 1367 1101 1374 '

661 1653 759 1715 [nun.
779 1621 896 1717 insint]

594 1829 732 1896 cents
764 1797 964 1896 stonum.

319 1999 465 2083 Repente
486 1997 629 2063 liberalis
651 1997 755 2062 stultis
777 2009 888 2083 gratus
911 2009 976 2079 est,
1035 2001 1039 2012 '

277 2103 400 2167 Rerum
422 2101 534 2185 peritis
556 2101 672 2166 inritos
694 2101 794 2165 tendit
818 2103 924 2166 dolos.

319 2208 506 2269 Nocturnus
528 2227 625 2290 quum
646 2205 700 2300 'sur
720 2224 833 2287 panem
856 2203 994 2268 misisset
1014 2205 1102 2282 cani,

178 2363 181 2370 .
278 2307 416 2373 Obiecto
439 2316 563 2372 tentans
585 2330 624 2371 an
647 2307 720 2372 cibo
743 2319 860 2391 posset*
878 2307 969 2390 capi:

275 2414 390 2488 Heus,
414 2411 536 2496 inquit,
559 2411 699 2497 linguent
722 2411 770 2474 vis
792 2432 891 2475 meam
914 2411 1141 2495 praecludere,
1264 2413 1284 2476 5

275 2517 326 2578 Ne
348 2515 461 2577 latrem
483 2533 545 2596 pro
567 2535 603 2576 re
626 2512 769 2578 domini?
791 2514 933 2578 Multum
954 2513 1088 2578 felleris.

276 2620 424 2701 Namque
445 2615 507 2679 ista
528 2617 633 2681 subita
655 2638 704 2679 me
725 2615 815 2680 iubet
835 2615 1013 2700 benignitas

274 2719 442 2806 Vigilare,
465 2717 564 2780 facias
586 2739 626 2782 ne
648 2703 831 2802 mea'oulpe
853 2718 989 2784 lucrum.

273 2921 509 2980 1³.u.ntg.mea.
532 2939 561 2953 ·-
580 2933 688 2979 quaero,
717 2921 811 2981 inquit,
835 2936 932 2979 porcus
951 2937 978 2979 p.
1004 2923 1107 2969 Salmas.
1137 2945 1166 2959 ·-
1180 2918 1279 2984 'pore-e,

273 3004 367 3051 quaeso
385 2991 465 3049 inquit
482 2990 559 3036 uentt.
579 2992 605 3034 S.
643 2987 682 3048 (4)
692 2986 800 3048 faceres
818 2992 848 3036 tt.
870 3007 885 3036 a
903 3007 952 3038 see.
972 3008 1005 3038 m.
1022 2993 1140 3050 (uomet.)
1156 2996 1279 3055 Bongnrs.

273 3063 300 3106 S.
322 3083 351 3094 -
363 3058 483 3120 socerum
500 3060 530 3103 tt.
545 3073 559 3102 u
571 3073 609 3115 pr.
622 3073 655 3104 m.
669 3061 700 3104 P.
711 3074 735 3115 p.
773 3059 862 3119 (totu.)
880 3064 926 3118 „ln
946 3063 976 3107 P.
989 3063 1068 3118 primo
1080 3077 1185 3108 caueam
1197 3067 1280 3111 tium

273 3143 299 3175 ιιι
316 3130 345 3175 ιώ
368 3133 421 3186 ipso
446 3129 545 3174 tibrerio
561 3129 704 3185 expuncta.”
721 3132 799 3179 Bnno.
838 3129 875 3189 (5)
892 3139 916 3176 et
930 3131 1067 3192 dedissem]
1085 3147 1109 3188 p.
1131 3135 1157 3178 S.
1179 3156 1209 3167 -
1228 3150 1280 3184 οιιι.

273 3206 297 3245 et
313 3201 342 3248 P.
363 3201 393 3244 tt.
423 3200 493 3255 (teste
513 3199 575 3244 Gud.
596 3197 660 3243 Nihil
678 3201 769 3244 notavit
786 3201 869 3255 Vino.)
913 3199 953 3260 (7)
971 3200 1044 3261 quoe]
1062 3203 1179 3248 Bittersh.
1198 3210 1279 3259 enupt-

273 3271 320 3315 eio.
339 3272 414 3314 Burin
443 3272 469 3314 S.
491 3289 521 3301 -
540 3282 603 3327 quae
621 3269 651 3313 Ρ.
671 3283 694 3324 p.
715 3263 804 3314 Faber.
820 3271 870 3326 {De
887 3271 917 3314 tt.
937 3272 998 3315 hand
1011 3272 1126 3327 constat.)
1145 3273 1205 3317 Post
1220 3287 1277 3320 voc.

272 3339 375 3385 devorer
390 3341 413 3384 iu
432 3340 462 3384 Ρ.
482 3339 596 3384 inseritur
614 3339 711 3383 stultum
729 3341 823 3398 gloss:
845 3361 874 3372 -
893 3338 942 3384 Hie
957 3341 1077 3402 intellege
1094 3343 1202 3387 soricem
1220 3355 1278 3389 ecee

249 3440 253 3452 .
272 3411 378 3471 generis
405 3409 542 3454 enaeeuu'nt
565 3408 684 3453 subletum
701 3409 749 3452 iarn
768 3423 782 3452 ι
800 3422 824 3463 p.
869 3406 907 3466 (8)
925 3409 1060 3470 tenpestate]
1079 3411 1119 3467 (R.
1140 3427 1153 3455 ι
1172 3425 1221 3457 sec.
1242 3427 1275 3457 m.

272 3482 309 3524 ιἰιι
327 3479 462 3536 superum.)
480 3491 504 3532 p.
530 3480 555 3523 S.
577 3501 609 3511 -
637 3491 675 3521 me
698 3482 789 3534 putare
815 3478 845 3522 tt.
866 3493 880 3521 n
898 3491 935 3535 pr.
959 3493 992 3523 m.
1010 3481 1041 3524 P.
1090 3478 1128 3538 (9)
1148 3505 1180 3515 -
1198 3481 1277 3542 Atque

272 3550 323 3594 ieta
336 3551 417 3596 nescio
429 3549 469 3607 qui
481 3550 542 3602 apud
555 3548 617 3592 Gne.
635 3551 719 3590 eontra
727 3547 757 3591 Ρ.
768 3547 798 3590 R.
810 3560 834 3604 p.
855 3546 938 3604 (thid.)
953 3559 984 3592 =
1001 3549 1117 3609 loquutur
1126 3549 1155 3594 R.
1176 3548 1233 3608 (12)
1244 3576 1276 3586 -

273 3620 350 3664 docent
366 3619 483 3664 Rittersh.
579 3643 581 3648 ·

326 3691 385 3734 Fun.
415 3687 512 3733 xxttt.
559 3683 597 3741 (2)
620 3681 708 3743 tendit]
735 3685 765 3729 tt.
793 3701 808 3730 a
839 3699 889 3730 see.
919 3701 952 3732 ιιι.
984 3702 1009 3744 p.
1040 3691 1067 3733 s.
1104 3709 1136 3722 -·
1169 3688 1278 3733 ostendit

273 3761 304 3806 fl.
337 3773 353 3802 u
387 3773 425 3815 pr.
456 3769 536 3802 manu.
564 3755 594 3800 Ρ.
641 3749 677 3808 (4)
709 3753 808 3813 poscet]
837 3755 952 3802 Rittersh.
983 3759 1046 3804 ΖεΙΙ.
1079 3781 1111 3792 -·
1138 3759 1221 3816 peren
1243 3759 1274 3803 Ρ.

273 3829 303 3874 tt.
324 3843 347 3884 p.
368 3830 394 3874 S.

326 3899 385 3942 rm.
406 3892 557 3949 fflV..(2)
575 3892 709 3953 quondam]
728 3896 811 3942 flotus.
832 3897 857 3944 8.
877 3921 909 3933 -
928 3897 1032 3958 quodem
1051 3898 1080 3943 P.
1101 3897 1130 3944 R.
1147 3911 1171 3955 p.
1191 3895 1276 3954 (dm
1372 3929 1373 3934 ,

274 3969 351 4015 altior
369 3968 399 4014 A.
419 3972 445 4014 ut
462 3965 557 4010 volebat
574 3963 662 4012 Scheff.
