2796 4746
56 551 66 564 e
92 519 199 585 Vicit
222 521 367 606 locuples
386 544 486 608 genus
507 535 540 589 et
556 525 694 592 formam
716 525 882 611 pauperis.

91 625 143 691 Ut
165 623 352 708 nuptiarum
378 626 481 691 dictus
503 629 632 694 advenit
655 630 739 707 dies,
836 689 841 696 .

88 729 224 791 Amans
246 729 392 793 dolorem
413 729 488 816 quia
509 754 575 796 non
596 745 726 816 poterat
748 731 894 818 perpeti,

89 833 257 896 Maerens
276 831 483 918 propinquos
506 835 644 898 contulit
664 859 697 900 se
716 837 749 899 in
771 835 939 913 hortulos,
1075 837 1094 900 5

91 936 195 1015 Quos
218 935 301 996 ultra
321 936 417 1016 paulo
441 936 518 1000 villa
537 938 702 1020 splendida
724 937 834 1004 divitis

89 1040 181 1101 Erat
205 1049 379 1120 acceptura
399 1039 557 1124 virginem
580 1061 597 1104 e
620 1041 729 1106 matris
751 1041 838 1119 sinu,

88 1143 222 1205 Parum
247 1141 351 1225 ampla
368 1139 401 1206 in
422 1145 504 1207 urhe
523 1143 592 1208 visa
615 1147 706 1232 quod
726 1147 832 1210 fuerat
855 1149 980 1210 domus.

89 1245 229 1326 Pompa
254 1243 451 1326 explicatur,
475 1249 570 1311 turba
590 1248 757 1312 concurrit
779 1249 950 1336 frequens,

88 1349 138 1412 Et
166 1345 373 1432 coniugalem
395 1351 530 1432 praehet
550 1352 744 1430 hymenaeus
766 1351 883 1417 facem.
1053 1354 1105 1416 101

88 1451 230 1514 Asellus
253 1461 373 1529 autem,
397 1451 452 1538 qui
472 1453 597 1516 solebat
616 1453 754 1536 pauperi

90 1555 274 1634 Quaestum
298 1555 443 1632 deferre,
467 1559 571 1618 stabat
591 1569 707 1639 portae
730 1558 763 1621 in
784 1557 907 1623 limine.

88 1658 192 1720 Illum
215 1657 341 1740 puellae
365 1679 439 1722 casu
462 1661 644 1723 conducunt
665 1681 756 1736 suae,

89 1761 179 1826 Viae
204 1761 336 1825 labores
355 1772 483 1826 teneros
500 1784 540 1826 ne
560 1761 687 1826 laedant
706 1767 817 1846 pedes.

89 1865 246 1948 Repente
266 1865 407 1941 caelum,
433 1855 573 1930 Veneris
595 1866 834 1946 misericordia,
1049 1872 1091 1936 15

74 1967 216 2036 ‚Ventis
236 1979 401 2046 movetur,
424 1967 549 2034 intonat
570 1969 679 2033 mundi
703 1972 822 2057 fragor

91 2072 304 2156 Noctemque
328 2070 433 2135 densis
454 2071 620 2136 horridam
645 2074 764 2137 nimbis
789 2088 902 2158 parat:

91 2175 172 2236 Lux
195 2172 325 2258 rapitur
345 2173 447 2238 oculis
469 2187 500 2239 et
522 2175 615 2238 simul
634 2176 684 2240 vis
710 2177 873 2260 grandinis

91 2279 211 2342 Effusa
231 2277 379 2361 trepidos
400 2277 519 2362 passim
543 2277 850 2370 comitesdissipat,

91 2380 164 2445 Sibi
187 2403 348 2468 quemque
372 2403 493 2467 cogens
512 2394 623 2465 petere
645 2384 839 2466 praesidium
857 2383 950 2471 luga.
1048 2386 1090 2448 20

91 2485 226 2549 Asellus
245 2495 356 2547 notum
377 2484 562 2568 proximum
583 2497 702 2550 tectum
721 2487 808 2552 subit

92 2589 137 2652 Et
156 2609 242 2653 voce
262 2609 375 2672 magna
400 2609 468 2652 sese
490 2587 613 2652 venisse
635 2588 768 2654 indicat.

92 2691 303 2770 Procurrunt
325 2690 433 2774 pueri,
456 2691 622 2773 pulchram
647 2692 804 2776 aspiciunt
825 2692 987 2781 virginem

93 2794 139 2858 Et
159 2793 382 2856 admirantur:
410 2795 522 2860 deinde
545 2796 676 2860 domino
697 2795 854 2866 nuntiant.

94 2896 187 2960 Inter
210 2897 336 2961 sodales
357 2897 410 2961 ille
430 2919 552 2981 paucos
571 2904 746 2975 accubans,

95 3004 255 3064 Amorem
279 3000 403 3065 crebris
425 3005 583 3067 avocabat
605 3004 748 3087 poculis.

95 3103 162 3168 Ubi
186 3103 363 3168 nuntiatum
384 3117 450 3181 est,
474 3119 637 3170 recreatus
660 3105 783 3192 gaudiis

95 3207 260 3272 Hortante
280 3209 413 3273 Baccho
432 3219 462 3272 et
481 3211 628 3288 Venere,
654 3210 761 3274 dulces
782 3211 912 3296 perlicit

96 3307 311 3396 A'eqnalitatis
332 3309 415 3374 inter
432 3311 560 3396 plausus
580 3313 721 3396 nuptias.
832 3318 835 3326 ‘

97 3412 265 3493 Quaerunt
286 3427 433 3496 parentes
451 3436 511 3498 per
532 3437 725 3498 praeconem
747 3417 862 3495 filiam3
1046 3420 1088 3484 30

97 3516 214 3581 Novus
235 3517 368 3582 maritus
391 3518 529 3603 coniuge
554 3520 667 3585 amissa
688 3523 790 3586 dolet.-

99 3617 185 3698 Quid
206 3633 288 3686 esset
310 3633 412 3684 actum
437 3634 607 3708 postquam
630 3626 755 3708 populo
780 3625 936 3704 innotuit,

99 3722 223 3787 Omnes
238 3725 385 3788 favorem
406 3729 661 3809 comprobarunt
679 3715 838 3795 caelitum.

166 3981 227 4030 nn.
244 3981 302 4028 XV.
338 3978 378 4039 (⁶)
398 3979 543 4042 splendid]
565 3981 684 4028 l.(1.z.
720 4005 752 4018 -—
787 3984 915 4044 splendidi
935 3987 989 4032 Vat.
1008 3946 1084 4046 ideali·

101 4041 155 4104 (1²)
173 4048 283 4112 deferre]
304 4050 334 4098 C.
354 4051 384 4097 Ζ.
408 4075 441 4088 -
455 4047 531 4111 serre
547 4053 604 4098 Vat.
626 4051 702 4108 neap.
750 4088 752 4096 ,
