2788 4772
159 279 362 341 <32¹

264 417 418 502 Fugitant
439 417 581 482 inertes:
604 437 717 482 votem
741 419 918 502 praecludit
939 431 1054 484 metus.

265 520 389 586 Furtim
411 519 511 606 igitur
533 523 605 584 dant
626 521 795 586 Mercurio
817 526 958 586 mandata
982 525 1022 586 ad
1042 524 1178 600 lovem,

261 622 410 688 Adflictis
431 636 467 687 ut
487 634 666 687 suoeurrat.
710 627 804 688 Tune
825 638 938 690 eontra
950 609 1058 690 'deust

263 727 346 806 Quia
370 726 514 790 noluistis
537 736 678 790 restrum
700 725 809 805 ferre,
834 713 954 811 inquit,
977 731 1117 805 bonum,
1221 805 1250 816 Μ

220 815 221 818 “
261 830 385 893 Malum
406 829 562 912 perferte.
607 829 680 893 Vos
703 850 850 914 quoque,
875 852 896 895 o
918 831 1023 910 cives,
1049 832 1112 907 ait,
1223 833 1267 896 30

264 930 340 997 Hoc
361 930 532 1010 sustinete,
557 930 657 996 maius
680 953 719 996 ne
741 933 848 998 veniat
870 934 998 998 malum.

672 1169 770 1232 [rus.
794 1171 858 1231 ιιι]

382 1318 630 1386 onacunus
654 1279 895 1387 supensus
912 1311 1141 1386 ur‘rnvo.

307 1463 360 1526 Ne
382 1459 517 1546 gloriari
537 1461 633 1524 libeat
656 1461 762 1525 alienis
784 1457 879 1526 bonis

266 1565 397 1650 Suoque
418 1563 526 1646 potius
548 1565 659 1627 habitu
680 1564 776 1628 vitam
799 1567 936 1649 degere,

170 1739 174 1744 ¹
266 1667 417 1747 Aesopus
440 1665 618 1730 nobishoc
640 1669 819 1749 exemplum
840 1666 993 1752 prodidit.

296 1771 449 1832 'Tumens
471 1767 556 1831 inani
577 1770 725 1852 graculus
747 1770 913 1851 superbia,

264 1873 391 1938 Pennas
411 1871 532 1953 pavoni
554 1892 635 1954 quae
657 1871 839 1935 deciderant
859 1872 986 1935 sustulit

265 1973 371 2058 Seque
394 1974 574 2037 exornavit.
617 1974 740 2037 Deinde
764 1971 967 2038 eo'ntemnens
989 1995 1066 2061 suos

265 2075 439 2140 Immiseuit
459 2097 493 2140 se
515 2097 674 2159 pavonum
696 2077 843 2142 formoso
865 2079 972 2162 gregi.

265 2178 319 2242 Illi
340 2179 512 2262 impudenti
533 2200 652 2261 pennas
675 2179 810 2262 eripiunt
832 2181 884 2243 ari

265 2282 456 2367 Fugantque
477 2281 607 2348 rostris.
651 2282 740 2346 Male
762 2283 913 2347 nritloatus
937 2284 1087 2369 graculus

265 2385 388 2450 Redire
409 2407 553 2450 maerens
575 2385 682 2468 eoepit
703 2389 744 2449 ad
763 2387 929 2470 proprium
952 2407 1073 2472 genus3
1227 2387 1268 2448 to

266 2489 300 2554 A
322 2510 386 2574 quo
407 2490 553 2571 repulsus
575 2489 697 2552 tristem
719 2489 866 2554 sustinuit
887 2501 1007 2554 notam.

269 2593 354 2656 Tum
378 2592 502 2676 quidam
525 2612 565 2656 ex
584 2591 666 2680 illis,
691 2613 772 2674 quos
794 2593 882 2674 prius
906 2596 1116 2674 despexerat:

267 2692 446 2759 Contentus
469 2694 587 2757 nostris
609 2693 769 2757 siluisses
792 2694 919 2757 sedibus

267 2798 312 2861 Et
335 2799 425 2882 quod
445 2809 555 2860 natura
579 2799 710 2859 dederat
731 2796 886 2859 voluisses
910 2799 995 2878 pati,
1066 2858 1078 2870 ,

268 2902 340 2964 Nee
363 2901 446 2963 illam
470 2910 621 2981 expertus
646 2919 731 2962 esses
754 2899 976 2962 contumeliam

267 3005 339 3068 Nee
359 3004 440 3066 hano
461 3002 619 3086 repulsam
641 3013 695 3065 tua
716 3000 850 3066 sentiret
872 3003 1043 3066 calamitas.

268 3259 313 3304 que
335 3245 406 3292 etiam
429 3243 468 3298 Α.)
504 3241 559 3302 (30)
578 3257 680 3302 quoque,
700 3254 715 3287 o
735 3237 812 3302 eires]
829 3241 947 3302 Bougurs.
968 3243 1027 3288 utu.
1047 3243 1112 3300 (Vet.
1133 3241 1178 3288 Cd.
1197 3241 1270 3288 ttein-

269 3312 357 3369 siut)
377 3315 402 3359 S.
423 3337 455 3347 —
474 3324 567 3374 quoque
585 3314 650 3358 rives
669 3313 698 3357 Ρ.
717 3325 742 3370 p.

320 3385 379 3430 Far.
409 3383 454 3428 111.
491 3381 528 3442 (2)
556 3407 588 3418 -
612 3395 658 3428 suo
681 3381 741 3442 quin
768 3382 861 3428 Menrs.
886 3383 965 3427 Bentt.
991 3381 1036 3438 (lte
1063 3394 1119 3426 vera
1136 3381 1186 3427 Aa
1213 3382 1270 3426 suis

268 3457 328 3516 quta
352 3453 436 3512 potius
468 3451 527 3511 oet.)
563 3449 598 3509 (5)
626 3475 659 3486 -
678 3465 805 3510 pauonum
835 3453 865 3497 Α.
902 3450 941 3510 (l)
964 3451 1105 3496 Immieruit
1122 3449 1159 3510 se]
1189 3450 1219 3495 P.
1245 3465 1270 3508 p.

269 3525 333 3571 zen.
353 3525 406 3580 ita,
426 3528 453 3570 ut
471 3537 495 3569 v.
516 3521 661 3567 immiscuit
673 3522 705 3566 sit
721 3523 809 3576 trisyll.
829 3521 897 3580 Quod
925 3522 946 3565 si
963 3521 1020 3566 haee
1038 3521 1133 3566 licentis
1154 3522 1269 3565 intolera-

268 3594 326 3640 bitis
347 3596 472 3650 videatur,
500 3595 547 3652 teg.
567 3594 605 3637 rel
624 3605 679 3640 cum
695 3592 830 3650 Burgarsio
849 3596 873 3637 et
892 3591 989 3638 Heius:
1027 3589 1058 3636 Se
1078 3591 1270 3636 immiscuisset

270 3679 324 3710 erm
341 3664 454 3710 Marcilio
475 3670 499 3709 et
515 3664 614 3708 Barth:
640 3661 768 3708 Imtm'roet
785 3673 828 3707 se:
847 3661 943 3705 minime
962 3674 1020 3705 vero
1039 3675 1092 3704 cum
1111 3659 1174 3707 Gud.
1197 3665 1221 3706 et
1242 3661 1270 3705 S.

271 3735 351 3792 (prob.
370 3734 455 3793 Bri-g.)
471 3733 688 3790 transponendum:
707 3730 826 3776 Formosa
843 3745 871 3776 ee
885 3743 1011 3788 paeonum
1028 3730 1167 3774 immiscuit
1183 3729 1269 3790 gregi.

271 3805 315 3860 (-
333 3805 434 3851 miscuit
463 3816 490 3848 se
516 3803 547 3848 Δ.
569 3802 640 3847 ltotn.
671 3823 701 3834 -·
730 3815 758 3846 es
785 3800 887 3845 miscuit
904 3801 987 3845 Burin.
1007 3813 1072 3855 susp.
1093 3800 1120 3843 ln
1146 3812 1224 3858 marg.
1244 3813 1268 3854 p.

270 3875 388 3936 Bongsrs.
408 3875 533 3931 proposuit
549 3873 638 3925 etiam:
668 3871 809 3916 Immiseuit
832 3883 859 3914 se
877 3865 990 3928 pretim.)
1032 3867 1067 3926 (9)
1085 3866 1220 3928 mulcetue]
1238 3868 1268 3912 n.

272 3949 332 3992 teste
362 3945 450 3992 Gudio.
480 3945 537 4002 (ιιοιι
560 3948 677 3990 memorat
697 3939 861 3998 Vincentius.)
883 3941 908 3988 S.
937 3962 970 3976 -·
991 3937 1119 3986 ‘multatus
1136 3938 1166 3987 Ρ.
1189 3938 1220 3983 A.
1245 3953 1270 3996 p.
