2788 4772
71 495 208 557 Naturae
230 503 356 575 partes,
380 501 468 554 veste
490 511 569 574 quas
591 489 674 552 oelat
695 492 819 571 pudor,

71 599 172 678 Quum
194 595 364 678 separatim
386 605 458 658 toto
479 592 625 672 finxisset
648 593 716 668 die,

69 701 191 781 Aptare
214 721 291 764 mox
312 708 348 761 ut
368 709 478 780 posset
500 683 692 778 corporibus
715 697 798 770 siris,

70 805 121 867 Ad
142 824 249 865 cenam
272 813 320 864 est
341 801 490 863 invitatus
512 799 619 862 subito
642 821 657 860 a
683 799 826 872 Liber03

70 904 133 970 Ubi
154 904 310 989 inrigatus
333 905 430 967 multo
454 923 547 966 venas
571 913 698 966 nectare

72 1011 149 1072 Sero
172 1011 300 1072 domum
324 1019 371 1069 ost
391 1027 540 1070 reversus
561 1005 709 1073 titubanti
731 1007 823 1086 pede.

72 1113 151 1173 Tum
174 1110 366 1173 semisomno
388 1112 485 1172 eorde
508 1119 539 1172 et
560 1129 672 1171 errore
695 1110 785 1173 ebrio

71 1213 231 1296 Adpliouit
251 1211 409 1297 virginale
432 1213 540 1295 generi
563 1212 706 1274 masculo

73 1318 115 1379 Et
136 1316 305 1380 masculina
329 1316 469 1378 membra
491 1314 642 1396 adplicuit
663 1313 801 1378 leminis.

73 1419 119 1483 Ita
141 1441 224 1488 nrrnc
246 1418 344 1484 libido
366 1439 469 1504 pravo
491 1416 609 1484 inuitur·
631 1417 762 1503 gaudio.

448 1617 675 1683 ¹[rue.xv1.]

306 1769 369 1834 DE
394 1765 562 1836 CAPRIS
585 1769 832 1840 BARBATIS.

113 1911 249 1976 Barbam
273 1910 415 1992 capellae
436 1931 533 1993 quum
554 1910 778 1992 impetrassent
801 1913 839 1976 ab
862 1912 961 1988 love,

22 2021 24 2030 '
76 2014 165 2083 Hirci
187 2025 365 2082 maerentes
386 2011 548 2096 indignari
569 2024 768 2095 coeperunt,

76 2116 168 2196 Quod
189 2115 373 2200 dignitatem
395 2115 531 2182 sominae
553 2120 743 2200 aequassent
765 2138 865 2183 suam.

78 2217 190 2298 Sinite,
213 2217 334 2304 inquit,
358 2218 428 2282 illas
451 2217 555 2303 gloria
580 2240 659 2282 vana
680 2217 746 2282 frtri

75 2321 116 2382 Et
137 2343 292 2404 usurpare
314 2321 413 2390 vestri
436 2331 583 2386 ornatum
607 2321 762 2397 muneris,

76 2421 171 2488 Pares
194 2428 267 2492 dum
290 2445 353 2489 noo
377 2423 440 2486 sint
462 2435 591 2487 vestrae
612 2423 806 2490 fortitudini.

116 2528 189 2592 Hoo
212 2537 434 2612 argumentum
457 2536 583 2599 monet,
607 2537 642 2588 ut
663 2526 819 2590 sustineas
840 2527 899 2590 tibi

76 2627 192 2694 Habitu
215 2649 285 2702 esse
307 2627 443 2706 similes,
468 2627 524 2712 qui
546 2631 608 2694 sint
631 2627 749 2692 virtute
769 2627 921 2714 impares·

461 2830 560 2898 [nan.
589 2830 689 2892 xvia]

279 2953 342 3018 on
366 2952 599 3018 ronnours
622 2952 872 3019 Houlnnu.
938 2933 946 2946 “

117 3081 222 3174 Quum
245 3094 282 3156 de
303 3091 442 3157 fortunis
465 3091 591 3179 quidam
614 3105 804 3176 quereretur
826 3093 909 3172 auia,

79 3191 226 3279 Aesopus
247 3195 341 3262 finxit
362 3195 548 3260 consolandi
570 3195 691 3280 gratia:
724 3220 727 3224 ’

125 3386 185 3433 Fra.
205 3387 262 3433 XV.
299 3383 339 3446 (l)
364 3384 489 3445 tribadas]
514 3398 539 3444 p.
568 3389 594 3433 S.
627 3409 656 3425 -·
684 3388 798 3434 trientina
820 3391 850 3435 P.
870 3393 901 3437 lt.
938 3391 975 3450 (5)
990 3401 1080 3454 portes

79 3453 149 3514 teate]
168 3471 192 3513 p.
213 3459 238 3505 S.
257 3475 291 3490 -
304 3458 391 3516 portic
411 3463 494 3502 reatos
511 3460 542 3503 P.
562 3458 592 3502 ll.
641 3456 679 3516 (8)
698 3459 817 3505 invitatus
836 3461 928 3508 arrbito‘
941 3479 958 3508 α
979 3463 1080 3528 Libero]

79 3534 101 3576 p.
122 3525 146 3569 S.
166 3551 199 3562 -
218 3526 337 3571 inritatus
355 3532 382 3572 ut
404 3527 485 3571 subito
504 3543 520 3573 α
542 3527 631 3573 liberto
651 3529 681 3573 Ρ.
703 3530 746 3584 (De
765 3530 794 3574 ll.
818 3545 864 3576 non
885 3539 990 3590 constat;
1025 3535 1080 3592 quia

80 3591 144 3641 Vino.
171 3595 285 3641 fabellam
303 3598 325 3640 in
358 3599 467 3642 mutilata
494 3613 537 3643 sna
565 3598 668 3642 editione
696 3599 776 3643 Paris.
802 3598 878 3647 1743.
900 3606 1012 3648 omissam
1032 3619 1080 3652 nou

81 3665 188 3724 eontulit3
208 3665 300 3710 Gudius
318 3671 396 3711 eutem
413 3668 473 3712 hano
491 3670 547 3714 leet.
570 3683 617 3713 non
636 3666 729 3727 affert.)
766 3668 819 3728 (12)
838 3671 974 3732 virginale]
999 3688 1023 3729 p,
1052 3676 1079 3722 S.

81 3751 110 3763 -
126 3734 247 3794 eir-ginali
266 3735 296 3779 Ρ.
316 3747 340 3794 g.
1078 3761 1083 3772 ¹

128 3802 186 3848 Fas.
206 3804 278 3849 xvi.
314 3803 352 3865 (2)
370 3803 514 3866 caspar-und
533 3807 563 3854 Ρ.
583 3809 613 3852 R.
639 3811 663 3856 S.
681 3835 714 3844 -
733 3815 866 3868 coeperunt
883 3824 907 3866 p.
952 3807 988 3864 (6)
1000 3805 1081 3868 sorti·

81 3868 166 3946 lupini]
183 3873 297 3921 blittersh.
321 3875 383 3918 (lod.
411 3877 489 3924 Bentl.
514 3897 548 3910 -··
572 3875 726 3936 fortitudine
743 3881 777 3928 u.
802 3880 902 3925 testibus
929 3885 953 3924 et
973 3875 1081 3926 Gud.'et

81 3937 146 3985 Vtoe.
167 3963 196 3979 ·-
208 3941 373 4002 fortitudinia
390 3944 422 3990 P.
449 3959 471 4001 p.
500 3947 526 3991 S.
574 3946 613 4006 (8)
631 3947 693 4010 aiut]
712 3951 741 3996 Ρ.
762 3963 785 4008 p.
823 3946 1080 4006 (beuuarriam

83 4010 190 4070 constat.)
209 4038 240 4049 -
259 4020 317 4058 auat
333 4015 415 4062 nenti.
433 4015 516 4062 Borm.
537 4019 563 4068 S,
684 4014 688 4018 ’
