2796 4746
990 345 1069 444 ¹rie

69 492 184 552 doniim
205 487 414 573 gratissimum
437 488 539 551 debeo
561 485 719 570 Riglero,
754 486 810 570 qui
834 506 955 550 mecum
978 506 1068 551 com-

67 590 237 656 municavit
261 589 559 673 disputatiunculam
582 589 627 652 sic
650 588 854 671 inscriptam:
891 589 1072 664 Eamnina

66 694 250 782 Gymnasii
271 693 448 760 Cliviensis
472 696 534 760 VI.
557 704 590 756 et
612 696 693 760 VII.
717 704 797 756 ante
820 691 906 758 leus
920 695 1075 776 Septem·

67 799 142 861 brec
163 796 477 871 Mucccxxlx.
489 795 624 879 publice
646 795 768 861 indicit
790 795 975 860 Fridericus
1002 799 1072 860 An-

66 900 172 966 tonius
189 900 319 986 Rigler,
342 902 477 964 scholae
488 899 653 964 director.
696 903 821 965 linunt
831 900 1075 964 annotationes

68 1005 259 1068 maximam
287 1015 426 1088 partem
448 1002 588 1066 criticae
610 1001 645 1065 in
666 1009 790 1086 poetae
813 1003 975 1079 Latinos,
1009 1002 1069 1088 qui

68 1107 218 1170 minores
256 1118 435 1176 vocantur.
478 1105 667 1190 Appendix
703 1109 863 1193 syllogen
896 1106 1074 1170 continens

66 1199 403 1274 animadversionum
424 1209 460 1272 in
481 1210 608 1273 librum
630 1209 840 1273 Manethonis
862 1211 1075 1293 Apotelesm.

66 1314 272 1376 secandam:
307 1313 451 1400 denique
487 1314 631 1381 annales
666 1315 816 1379 scholae.
876 1311 1001 1378 Cliniae
1029 1335 1077 1378 ear

68 1414 209 1504 offirma
223 1416 418 1482 Korniana.
442 1418 507 1491 4⁰.;
543 1416 575 1478 in
599 1437 662 1500 qua
679 1436 740 1478 una
759 1399 837 1480 ¹cum
854 1415 956 1483 arnico
971 1415 1076 1482 Antio

68 1518 247 1601 complures
278 1518 448 1604 Pervigilii
480 1519 573 1590 locos
597 1521 691 1582 docte
713 1519 894 1583 tractarit.‘
922 1519 984 1584 His
1007 1541 1076 1604 mu·

67 1621 193 1685 neribus
215 1620 354 1704 acceptis
390 1621 421 1685 ie
450 1619 571 1706 negotii
596 1620 714 1698 habui,
746 1630 986 1686 ut'excnterem
1009 1623 1086 1708 6(ὶί-Δ

67 1722 184 1802 tinum,
209 1745 291 1808 quae
308 1724 381 1787 mihi
396 1736 526 1807 praesto
542 1736 650 1799 erant,
674 1724 860 1806 Lipsianam
874 1728 1076 1789 Electornm

68 1827 139 1891 Lib.
163 1829 192 1892 l.
215 1831 302 1912 Gap.
325 1829 357 1891 6.
403 1829 467 1892 Ed.
483 1831 645 1910 Antverp.
671 1827 767 1892 1611.
812 1827 1078 1893 salmasio-Scri·

70 1931 229 1994 verisnam
249 1930 282 1994 in
304 1931 349 1995 D.
375 1931 488 1995 Bandii
517 1932 706 2012 Amoribns
733 1933 845 2016 Lngd.
879 1932 954 1996 Bat.
979 1933 1076 1996 1638.

69 2031 128 2096 Ed.
157 2057 231 2098 cum
253 2045 410 2099 annotatt.
430 2034 554 2098 varior.
571 2035 852 2120 ¹flagae-Comitis
875 2036 992 2112 1712„
1017 2035 1077 2099 Sa-

68 2137 270 2212 nadonianam
298 2137 428 2219 (1729),
463 2137 709 2202 Bouhierianam
737 2139 850 2218 (1737)
881 2139 1076 2222 Gottingcn-

69 2259 128 2302 sem
155 2239 232 2304 anni
254 2241 368 2317 1742„
409 2262 501 2326 qnam
524 2241 554 2305 I.
570 2323 571 2329 ἵ
586 2242 638 2305 M.
662 2243 811 2304 Gesnero
835 2253 908 2304 sient
937 2241 993 2324 qui
1015 2241 1076 2304 tri·

70 2341 180 2422 bnant,
214 2345 529 2421 Wernsdorfianam,
557 2343 831 2422 Schulzianam*)‚
867 2344 1075 2409 Moabianam
1129 2367 1133 2372 ·

71 2446 193 2528 (1816),
229 2447 303 2511 Viri
330 2448 416 2512 docti
445 2448 736 2530 interpretationem
773 2449 805 2510 in
845 2447 960 2511 Wollii
987 2448 1076 2512 Ane-

72 2547 157 2614 lectis
178 2550 260 2615 Vol.
286 2551 319 2615 2.
341 2573 376 2632 p.
402 2552 498 2628 558„
529 2551 830 2615 Lindemanninnam
853 2550 1076 2633 repetitionem

72 2649 100 2713 in
114 2654 247 2720 eclectio
261 2677 279 2716 e
289 2653 402 2738 poetic
417 2655 553 2718 Latinae
567 2655 776 2718 carminibus
791 2655 914 2734 (182³).
939 2654 1076 2718 Minime

73 2766 168 2819 autem
185 2779 267 2840 opus
283 2768 362 2833 erat,
379 2771 414 2820 ut
426 2777 534 2822 omnes
549 2771 581 2823 ct
595 2757 798 2822 coniecturae
814 2759 1074 2821 eterroresVV.

73 2853 145 2923 DD.
162 2871 436 2936 memorat-cotun
459 2865 515 2925 scd
537 2862 568 2924 in
584 2863 622 2926 iis
638 2862 782 2937 substiti,
808 2883 981 2946 quaerere
997 2881 1076 2924 con·

74 2957 155 3026 ferre
174 2963 362 3028 viderentur
387 2965 426 3026 ad
447 2964 593 3028 carminis
620 2966 763 3028 criticam
788 2963 1008 3028 tractationem
1038 2983 1076 3025 ac

74 3066 249 3130 necessario
262 3066 436 3150 significari
453 3070 627 3145 debebant,
652 3069 707 3132 utri
728 3071 905 3132 abeundum
921 3070 1075 3130 drrxcram

75 3167 111 3227 ab
146 3172 311 3234 amborum
344 3168 429 3234 Cdd.
468 3171 677 3236 lectionibus:
721 3171 934 3235 recentiorum
970 3181 1076 3234 tamen
1189 3159 1191 3168 ’

75 3281 144 3348 post
171 3273 448 3350 Wernsdortinm,
483 3273 624 3338 Schulzii
645 3275 849 3356 praesertim,
885 3273 1014 3358 Rigleri
1044 3285 1076 3336 ct
1186 3281 1188 3290 “

76 3369 163 3437 Axtii
183 3375 297 3438 iudicia
319 3377 423 3440 omnia
446 3377 550 3441 retuli.
604 3380 694 3459 Quae
718 3400 759 3441 ex
780 3377 884 3442 altero
906 3389 981 3443 ntro
1006 3376 1076 3440 Co·

77 3471 349 3562 dieedeprompta
374 3481 436 3544 sint
457 3501 523 3544 mea
545 3481 575 3543 in
598 3480 802 3557 recensione,
836 3499 896 3564 p'cr
919 3503 952 3546 se
975 3501 1076 3564 appa·

76 3589 121 3638 ret
141 3579 286 3664 inspecto
309 3583 472 3667 utriusque
494 3584 681 3668 exemplari.

75 3675 538 3702 Ἇ--ω--η--ῇ

79 3788 83 3796 Ι
123 3719 147 3778 *l
165 3725 254 3772 lncerti
284 3727 397 3774 Auctoris
421 3729 577 3789 Pervigilium
606 3733 725 3786 Veneris,
756 3736 928 3778 commentario
959 3739 1075 3790 perpetuo

78 3789 229 3853 illustratum,
258 3799 383 3852 proaemio
411 3805 434 3844 et
459 3802 566 3846 lectionis
591 3805 705 3848 varietate
729 3806 882 3848 instructum.
928 3805 1074 3850 Dissertatio

78 3857 228 3926 Philologus,
254 3882 339 3925 quain,
366 3871 527 3916 consentiente
544 3873 691 3928 amplissimo
713 3873 909 3928 philosophorum
931 3875 1014 3920 ordine
1029 3889 1074 3930 pro

78 3925 182 3981 facultate
213 3938 305 3996 legendi
329 3937 366 3983 eie
395 3937 468 3984 XXl.
487 3942 569 3986 Martii
594 3942 766 3988 Mucccxtt.
787 3944 881 3998 publice
900 3945 1010 3990 defendet
1027 3944 1074 3988 Er·

78 4006 153 4046 nestus
169 4007 245 4052 Cour.
257 4008 395 4054 Fridericus
413 4009 527 4066 schulze,
552 4013 636 4058 doctor
654 4013 828 4068 philosophiae.
849 4012 992 4074 Gottingae,
1011 4015 1073 4070 typis

81 4065 98 4110 l·
117 4071 144 4116 C·
162 4075 248 4134 Beier,
267 4083 364 4137 typogr.
383 4078 460 4125 aeae.
481 4078 518 4138 lt).
