2796 4746
167 1043 288 1127 Incipit
324 1043 370 1109 sie
407 1045 623 1131 fragmentum
660 1048 853 1113 Vaticanum
889 1069 917 1111 s.
954 1044 1103 1111 Danieli·

106 1168 180 1209 num
203 1147 310 1229 (D.).·
829 1159 833 1176 '

170 1251 386 1321 PHAEDRI
401 1254 512 1319 Auo.
530 1256 574 1320 L.
589 1255 901 1322 AESOPIARUM
918 1253 1101 1322 INCIPIT

102 1355 376 1422 FELICITER.
839 1395 842 1402 =

169 1459 323 1545 Sequitur
354 1460 458 1524 statim
489 1459 568 1526 Lib.
587 1464 617 1527 1.
641 1463 725 1546 Ean.
749 1463 815 1526 XI.
846 1461 965 1528 omisso
995 1473 1099 1526 tamen

100 1562 211 1646 primo
235 1585 331 1629 verso
356 1565 496 1628 Virtutis
514 1585 633 1646 expers
655 1565 758 1629 verbis
779 1570 914 1628 iaetnns
928 1567 1102 1648 glorium:

100 1666 177 1732 ideo
209 1679 307 1750 puto,
339 1667 417 1753 quia
449 1665 502 1729 vel
522 1665 577 1729 hie
599 1665 706 1728 scriba
728 1665 880 1729 librarius
903 1689 974 1730 eum
996 1676 1102 1730 totum

100 1770 201 1836 minio
224 1772 277 1834 vel
299 1770 397 1834 viridi
417 1770 530 1834 colore
546 1768 749 1833 exhibiturus
765 1781 851 1846 enat,
874 1765 970 1856 idque
988 1773 1102 1852 postea

102 1873 263 1960 neglexit,
288 1873 341 1938 vel
362 1873 446 1936 idem
472 1871 534 1936 iam
558 1871 721 1936 acciderat
742 1872 774 1935 in
797 1869 988 1964 ἀρχετύπῳ,
1011 1875 1101 1958 quo'd
1211 1895 1213 1900 ’

100 1990 173 2042 ante
196 1977 310 2042 oeulos
328 1979 481 2040 habebat.
527 1978 596 2040 Iam
616 1999 712 2062 quum
733 1977 778 2041 D.
792 1987 880 2040 recte
896 1974 1012 2040 habeat
1028 1999 1099 2039 cum

101 2081 217 2145 ceteris
239 2083 294 2161 (v.
319 2081 367 2159 2.)
389 2063 531 2160 lgnotoi
545 2077 672 2162 follit,
697 2082 786 2141 notis
801 2090 849 2142 est
863 2081 1007 2160 derisui,
1030 2080 1101 2162 pla·

100 2184 167 2248 cuit
184 2195 290 2248 tamen
311 2182 406 2247 Maio
431 2180 559 2247 Barthii
581 2173 864 2266 παραδιόρθωσις
887 2187 1027 2265 ignotus
1049 2220 1064 2233 -
1086 2218 1102 2232 -

99 2285 213 2353 notus.
268 2287 315 2367 (t)
338 2297 376 2352 ut
400 2285 547 2370 insueto]
562 2282 649 2346 Nos.
674 2317 716 2328 -
738 2294 776 2346 ut
801 2282 860 2346 iile
883 2285 1016 2350 insueta
1035 2285 1100 2364 D.,

101 2393 191 2478 quod
212 2391 320 2455 locum
343 2389 529 2453 nonhabet
557 2387 610 2450 vel
632 2395 771 2470 propter
792 2381 944 2466 proxime
967 2409 1103 2469 praece.

101 2498 179 2558 dens
203 2495 316 2558 iilum.
359 2527 401 2540 -
444 2490 533 2555 Ibid.
557 2489 707 2568 terreret]
735 2521 776 2533 ·-
798 2497 937 2553 terreret
957 2497 990 2552 et
1011 2491 1057 2556 D.
1081 2515 1099 2558 e

101 2595 332 2684 geminatione.
377 2596 425 2676 (5)
447 2595 557 2663 Habet
577 2613 614 2656 re
637 2613 716 2655 vera
737 2590 803 2653 D.:
828 2593 1009 2670 Fugientes
1028 2597 1101 2676 ipse

73 2717 78 2732 ¹
100 2703 286 2783 exciperet.
328 2697 417 2762 Ibid.
442 2697 632 2777 auritulus]
657 2730 700 2741 —
723 2692 906 2756 nuriequs
922 2691 1017 2756 etiam
1032 2696 1099 2773 D.,

101 2803 192 2887 quod
213 2800 413 2867 retinendum
429 2799 556 2864 videtur
572 2797 688 2874 Maio,
712 2792 791 2858 mihi
809 2815 887 2857 uon.
933 2798 981 2876 (6)
1004 2799 1112 2864 Maio·

99 2914 181 2967 teste
205 2903 300 2968 etiam
322 2906 367 2970 D.
414 2905 606 2970 Clamorem
627 2901 758 2979 subito,
780 2919 845 2961 non
868 2901 913 2963 el.
937 2899 1097 2972 subitum.

100 3007 190 3072 Ibid.
208 3008 301 3074 tollit
313 3009 409 3089 totis]
421 3037 463 3050 -
475 3006 555 3068 totis
569 3001 664 3065 tollit
683 3000 729 3063 D.
774 3001 845 3080 (tt)
866 3034 908 3045 -
930 3003 1098 3082 Insignis,
1131 3053 1134 3059 .

102 3113 226 3194 inquit.
268 3109 349 3172 Nisi
368 3131 500 3173 nossem
528 3117 625 3194 ¹tuum
646 3102 691 3166 D.
739 3102 875 3176 „Multo
903 3101 1030 3188 gratior
1053 3102 1098 3167 ita

100 3210 173 3274 fluit
195 3209 349 3274 sententia
369 3209 402 3274 in
422 3210 608 3293 fragmento
629 3217 743 3270 nostro
767 3228 861 3290 quain
880 3205 913 3267 iu
937 3207 1023 3268 Edd.
1046 3207 1098 3272 in·

102 3317 228 3398 signis,
254 3315 385 3397 inquit,
411 3315 461 3374 sio
485 3321 522 3373 ut
543 3311 643 3372 nisi.''
665 3311 757 3372 Mn.
803 3311 879 3371 Non
896 3307 978 3372 vidit
997 3307 1099 3373 Criti-

102 3437 159 3478 cus
178 3416 360 3500 Bergomas
382 3412 415 3475 in
437 3411 482 3476 D.
498 3391 638 3474 lection'e
659 3409 820 3496 integrum
841 3406 949 3477 deesse
970 3414 1097 3497 pedem.

165 3519 250 3582 Fun.
267 3518 350 3580 XII.
375 3539 432 3578 vv.
456 3519 487 3578 1.
507 3526 538 3578 et
557 3516 589 3578 2.
612 3514 680 3579 sic:

214 3633 302 3702 Saepe
322 3646 381 3680 esse
401 3629 533 3692 utiliora,
555 3648 625 3698 qieae
648 3633 867 3696 contempseris,

212 3725 282 3776 Eius
302 3728 344 3775 rei
363 3727 446 3775 testis
465 3723 532 3775 haec
553 3727 686 3774 narratio
708 3732 761 3777 est.

164 3839 247 3899 Tum
281 3834 378 3898 index
411 3835 565 3911 fabulae,
612 3836 667 3914 (ut
700 3833 794 3899 etiam
832 3835 916 3900 Fun.
958 3835 1098 3932 XVIII.
1151 3931 1154 3934 ῃ

99 3940 200 4004 XIX.
225 3940 344 4019 XX.):
772 4019 774 4024 Ι
944 4005 954 4025 .

122 4041 310 4109 CERVUS
333 4042 399 4106 AD
422 4037 623 4107 FONTEM
647 4041 842 4106 LAUDAT
865 4041 1076 4109 CORNUA.

143 4157 232 4197 Phaedri
246 4157 300 4196 Feb.
314 4170 380 4198 uuovne
395 4155 487 4195 XXXII.
928 4159 948 4220 3
