<?xml version="1.0" encoding="UTF-8"?>
<!DOCTYPE html PUBLIC "-//W3C//DTD XHTML 1.0 Transitional//EN"
    "http://www.w3.org/TR/xhtml1/DTD/xhtml1-transitional.dtd">
<html xmlns="http://www.w3.org/1999/xhtml" xml:lang="en" lang="en">
 <head>
  <title>
</title>
<meta http-equiv="Content-Type" content="text/html;charset=utf-8" />
  <meta name='ocr-system' content='tesseract 3.04.00' />
  <meta name='ocr-capabilities' content='ocr_page ocr_carea ocr_par ocr_line ocrx_word'/>
</head>
<body>
  <div class='ocr_page' id='page_1' title='image "./fabulaesopiae00phaegoog_0086.png"; bbox 0 0 2788 4772; ppageno 0'>
   <div class='ocr_carea' id='block_1_1' title="bbox 988 325 1186 404">
    <p class='ocr_par' dir='ltr' id='par_1_1' title="bbox 988 325 1186 404">
     <span class='ocr_line' id='line_1_1' title="bbox 988 325 1186 404; baseline 0.005 -18"><span class='ocrx_word' id='word_1_1' title='bbox 988 325 1186 404; x_wconf 49' lang='grc' dir='ltr'><strong>,αν</strong></span> 
     </span>
    </p>
   </div>
   <div class='ocr_carea' id='block_1_2' title="bbox 76 466 1105 966">
    <p class='ocr_par' dir='ltr' id='par_1_2' title="bbox 76 466 1105 966">
     <span class='ocr_line' id='line_1_2' title="bbox 80 466 860 552; baseline -0.008 -18"><span class='ocrx_word' id='word_1_2' title='bbox 80 468 188 534; x_wconf 83' lang='lat' dir='ltr'>Oliva</span> <span class='ocrx_word' id='word_1_3' title='bbox 217 467 312 533; x_wconf 88' lang='lat' dir='ltr'><strong>nobis</strong></span> <span class='ocrx_word' id='word_1_4' title='bbox 334 479 471 552; x_wconf 90' lang='lat' dir='ltr'><strong>propter</strong></span> <span class='ocrx_word' id='word_1_5' title='bbox 491 467 629 532; x_wconf 82' lang='lat' dir='ltr'><strong>fructum</strong></span> <span class='ocrx_word' id='word_1_6' title='bbox 653 478 701 531; x_wconf 87' lang='lat' dir='ltr'><strong>est</strong></span> <span class='ocrx_word' id='word_1_7' title='bbox 723 466 860 552; x_wconf 75' lang='lat' dir='ltr'><strong>gratior.</strong></span> 
     </span>
     <span class='ocr_line' id='line_1_3' title="bbox 79 568 1105 656; baseline -0.007 -20"><span class='ocrx_word' id='word_1_8' title='bbox 79 573 185 636; x_wconf 83' lang='lat' dir='ltr'><strong>Trrne</strong></span> <span class='ocrx_word' id='word_1_9' title='bbox 212 573 262 634; x_wconf 90' lang='lat' dir='ltr'><strong>sic</strong></span> <span class='ocrx_word' id='word_1_10' title='bbox 284 576 418 636; x_wconf 90' lang='lat' dir='ltr'><strong>deornm</strong></span> <span class='ocrx_word' id='word_1_11' title='bbox 444 571 570 656; x_wconf 83' lang='lat' dir='ltr'><strong>genitor</strong></span> <span class='ocrx_word' id='word_1_12' title='bbox 593 581 688 655; x_wconf 90' lang='lat' dir='ltr'><strong>atque</strong></span> <span class='ocrx_word' id='word_1_13' title='bbox 710 570 872 634; x_wconf 88' lang='lat' dir='ltr'><strong>bominum</strong></span> <span class='ocrx_word' id='word_1_14' title='bbox 895 579 1004 632; x_wconf 85' lang='lat' dir='ltr'><strong>sator:</strong></span> <span class='ocrx_word' id='word_1_15' title='bbox 1064 568 1105 629; x_wconf 89' lang='grc'><strong>10</strong></span> 
     </span>
     <span class='ocr_line' id='line_1_4' title="bbox 78 673 846 757; baseline -0.008 -17"><span class='ocrx_word' id='word_1_16' title='bbox 78 676 111 740; x_wconf 94' lang='grc'>0</span> <span class='ocrx_word' id='word_1_17' title='bbox 137 685 241 750; x_wconf 85' lang='lat' dir='ltr'><strong>nata,</strong></span> <span class='ocrx_word' id='word_1_18' title='bbox 266 675 380 739; x_wconf 89' lang='lat' dir='ltr'><strong>merito</strong></span> <span class='ocrx_word' id='word_1_19' title='bbox 403 675 526 757; x_wconf 87' lang='lat' dir='ltr'><strong>sapiens</strong></span> <span class='ocrx_word' id='word_1_20' title='bbox 549 674 657 736; x_wconf 86' lang='lat' dir='ltr'><strong>dicere</strong></span> <span class='ocrx_word' id='word_1_21' title='bbox 682 673 846 737; x_wconf 89' lang='lat' dir='ltr'><strong>omnibns!</strong></span> 
     </span>
     <span class='ocr_line' id='line_1_5' title="bbox 76 773 952 862; baseline 0 -22"><span class='ocrx_word' id='word_1_22' title='bbox 76 778 154 840; x_wconf 89' lang='lat' dir='ltr'><strong>Nisi</strong></span> <span class='ocrx_word' id='word_1_23' title='bbox 180 777 266 840; x_wconf 90' lang='lat' dir='ltr'><strong>utile</strong></span> <span class='ocrx_word' id='word_1_24' title='bbox 289 790 336 840; x_wconf 89' lang='lat' dir='ltr'><strong>est</strong></span> <span class='ocrx_word' id='word_1_25' title='bbox 357 781 446 862; x_wconf 91' lang='lat' dir='ltr'><strong>quod</strong></span> <span class='ocrx_word' id='word_1_26' title='bbox 467 775 620 852; x_wconf 82' lang='lat' dir='ltr'><strong>facimus,</strong></span> <span class='ocrx_word' id='word_1_27' title='bbox 646 773 738 838; x_wconf 86' lang='lat' dir='ltr'><strong>stulta</strong></span> <span class='ocrx_word' id='word_1_28' title='bbox 763 788 810 839; x_wconf 90' lang='lat' dir='ltr'><strong>est</strong></span> <span class='ocrx_word' id='word_1_29' title='bbox 835 775 952 861; x_wconf 85' lang='lat' dir='ltr'><strong>gloria.</strong></span> 
     </span>
     <span class='ocr_line' id='line_1_6' title="bbox 123 878 991 966; baseline -0.002 -22"><span class='ocrx_word' id='word_1_30' title='bbox 123 881 223 944; x_wconf 89' lang='lat' dir='ltr'><strong>Nihil</strong></span> <span class='ocrx_word' id='word_1_31' title='bbox 249 901 346 966; x_wconf 85' lang='lat' dir='ltr'><strong>agere</strong></span> <span class='ocrx_word' id='word_1_32' title='bbox 369 883 457 966; x_wconf 89' lang='lat' dir='ltr'><strong>quod</strong></span> <span class='ocrx_word' id='word_1_33' title='bbox 480 901 544 944; x_wconf 91' lang='lat' dir='ltr'><strong>uon</strong></span> <span class='ocrx_word' id='word_1_34' title='bbox 566 878 671 961; x_wconf 82' lang='lat' dir='ltr'><strong>prosit</strong></span> <span class='ocrx_word' id='word_1_35' title='bbox 693 879 809 944; x_wconf 76' lang='lat' dir='ltr'><strong>fabella</strong></span> <span class='ocrx_word' id='word_1_36' title='bbox 833 883 991 944; x_wconf 88' lang='lat' dir='ltr'><strong>admonet.</strong></span> 
     </span>
    </p>
   </div>
   <div class='ocr_carea' id='block_1_3' title="bbox 482 1095 716 1160">
    <p class='ocr_par' dir='ltr' id='par_1_3' title="bbox 482 1095 716 1160">
     <span class='ocr_line' id='line_1_7' title="bbox 482 1095 716 1160; baseline 0 -15"><span class='ocrx_word' id='word_1_37' title='bbox 482 1095 581 1160; x_wconf 78' lang='lat' dir='ltr'><strong>[ran.</strong></span> <span class='ocrx_word' id='word_1_38' title='bbox 604 1097 716 1160; x_wconf 68' lang='lat' dir='ltr'><strong>arun]</strong></span> 
     </span>
    </p>
   </div>
   <div class='ocr_carea' id='block_1_4' title="bbox 180 1229 1016 1316">
    <p class='ocr_par' dir='ltr' id='par_1_4' title="bbox 180 1229 1016 1316">
     <span class='ocr_line' id='line_1_8' title="bbox 180 1229 1016 1316; baseline -0.005 0"><span class='ocrx_word' id='word_1_39' title='bbox 180 1229 407 1316; x_wconf 72' lang='lat' dir='ltr'><strong>Pavo&#39;no</strong></span> <span class='ocrx_word' id='word_1_40' title='bbox 429 1249 653 1314; x_wconf 76' lang='lat' dir='ltr'><strong>iunonem</strong></span> <span class='ocrx_word' id='word_1_41' title='bbox 676 1250 738 1314; x_wconf 80' lang='lat' dir='ltr'><strong>nu</strong></span> <span class='ocrx_word' id='word_1_42' title='bbox 761 1247 890 1314; x_wconf 79' lang='lat' dir='ltr'><strong>voca</strong></span> <span class='ocrx_word' id='word_1_43' title='bbox 915 1249 1016 1313; x_wconf 78' lang='lat' dir='ltr'><strong>sun.</strong></span> 
     </span>
    </p>
   </div>
   <div class='ocr_carea' id='block_1_5' title="bbox 78 1389 1100 2712">
    <p class='ocr_par' dir='ltr' id='par_1_5' title="bbox 78 1389 1100 2712">
     <span class='ocr_line' id='line_1_9' title="bbox 123 1389 860 1474; baseline -0.008 -17"><span class='ocrx_word' id='word_1_44' title='bbox 123 1396 230 1458; x_wconf 88' lang='lat' dir='ltr'><strong>Pavo</strong></span> <span class='ocrx_word' id='word_1_45' title='bbox 255 1395 294 1454; x_wconf 85' lang='lat' dir='ltr'><strong>ad</strong></span> <span class='ocrx_word' id='word_1_46' title='bbox 315 1392 471 1456; x_wconf 90' lang='lat' dir='ltr'><strong>Iunonem</strong></span> <span class='ocrx_word' id='word_1_47' title='bbox 495 1390 583 1453; x_wconf 88' lang='lat' dir='ltr'><strong>venit</strong></span> <span class='ocrx_word' id='word_1_48' title='bbox 604 1389 732 1474; x_wconf 83' lang='lat' dir='ltr'><strong>indigne</strong></span> <span class='ocrx_word' id='word_1_49' title='bbox 754 1389 860 1454; x_wconf 85' lang='lat' dir='ltr'><strong>serens</strong></span> 
     </span>
     <span class='ocr_line' id='line_1_10' title="bbox 78 1493 836 1579; baseline -0.008 -18"><span class='ocrx_word' id='word_1_50' title='bbox 78 1497 211 1563; x_wconf 87' lang='lat' dir='ltr'><strong>Cantus</strong></span> <span class='ocrx_word' id='word_1_51' title='bbox 238 1494 361 1559; x_wconf 84' lang='lat' dir='ltr'><strong>luscinii</strong></span> <span class='ocrx_word' id='word_1_52' title='bbox 387 1497 475 1579; x_wconf 90' lang='lat' dir='ltr'><strong>quod</strong></span> <span class='ocrx_word' id='word_1_53' title='bbox 497 1494 556 1556; x_wconf 89' lang='lat' dir='ltr'><strong>sibi</strong></span> <span class='ocrx_word' id='word_1_54' title='bbox 580 1515 644 1558; x_wconf 90' lang='lat' dir='ltr'><strong>non</strong></span> <span class='ocrx_word' id='word_1_55' title='bbox 668 1493 836 1555; x_wconf 85' lang='lat' dir='ltr'><strong>tribuerit:</strong></span> 
     </span>
     <span class='ocr_line' id='line_1_11' title="bbox 78 1595 832 1672; baseline -0.011 -8"><span class='ocrx_word' id='word_1_56' title='bbox 78 1601 180 1664; x_wconf 90' lang='lat' dir='ltr'><strong>Illum</strong></span> <span class='ocrx_word' id='word_1_57' title='bbox 206 1621 279 1662; x_wconf 86' lang='lat' dir='ltr'><strong>esse</strong></span> <span class='ocrx_word' id='word_1_58' title='bbox 301 1597 422 1662; x_wconf 72' lang='lat' dir='ltr'><strong>annuetis</strong></span> <span class='ocrx_word' id='word_1_59' title='bbox 446 1595 576 1659; x_wconf 88' lang='lat' dir='ltr'><strong>auribus</strong></span> <span class='ocrx_word' id='word_1_60' title='bbox 599 1595 832 1672; x_wconf 80' lang='lat' dir='ltr'><strong>admirabilem,</strong></span> 
     </span>
     <span class='ocr_line' id='line_1_12' title="bbox 81 1686 783 1779; baseline -0.001 -15"><span class='ocrx_word' id='word_1_61' title='bbox 81 1703 123 1766; x_wconf 89' lang='lat' dir='ltr'><strong>Se</strong></span> <span class='ocrx_word' id='word_1_62' title='bbox 147 1701 316 1779; x_wconf 81' lang='lat' dir='ltr'><strong>derideri,</strong></span> <span class='ocrx_word' id='word_1_63' title='bbox 341 1700 433 1764; x_wconf 87' lang='lat' dir='ltr'><strong>simul</strong></span> <span class='ocrx_word' id='word_1_64' title='bbox 455 1720 492 1761; x_wconf 86' lang='lat' dir='ltr'><strong>ae</strong></span> <span class='ocrx_word' id='word_1_65' title='bbox 513 1686 627 1764; x_wconf 84' lang='lat' dir='ltr'><strong>vocem</strong></span> <span class='ocrx_word' id='word_1_66' title='bbox 650 1699 783 1764; x_wconf 79' lang='lat' dir='ltr'><strong>miserit.</strong></span> 
     </span>
     <span class='ocr_line' id='line_1_13' title="bbox 86 1803 726 1888; baseline -0.002 -19"><span class='ocrx_word' id='word_1_67' title='bbox 86 1809 185 1870; x_wconf 70' lang='lat' dir='ltr'><strong>Titne</strong></span> <span class='ocrx_word' id='word_1_68' title='bbox 210 1803 399 1869; x_wconf 86' lang='lat' dir='ltr'><strong>consolandi</strong></span> <span class='ocrx_word' id='word_1_69' title='bbox 422 1803 524 1888; x_wconf 84' lang='lat' dir='ltr'><strong>gratia</strong></span> <span class='ocrx_word' id='word_1_70' title='bbox 546 1803 627 1866; x_wconf 83' lang='lat' dir='ltr'><strong>dixit</strong></span> <span class='ocrx_word' id='word_1_71' title='bbox 649 1807 726 1888; x_wconf 82' lang='lat' dir='ltr'><strong>dea:</strong></span> 
     </span>
     <span class='ocr_line' id='line_1_14' title="bbox 80 1905 809 1989; baseline -0.003 -17"><span class='ocrx_word' id='word_1_72' title='bbox 80 1912 146 1972; x_wconf 89' lang='lat' dir='ltr'><strong>Sed</strong></span> <span class='ocrx_word' id='word_1_73' title='bbox 169 1910 283 1972; x_wconf 87' lang='lat' dir='ltr'><strong>forma</strong></span> <span class='ocrx_word' id='word_1_74' title='bbox 305 1905 427 1984; x_wconf 83' lang='lat' dir='ltr'><strong>vineis,</strong></span> <span class='ocrx_word' id='word_1_75' title='bbox 452 1905 551 1969; x_wconf 88' lang='lat' dir='ltr'><strong>vincis</strong></span> <span class='ocrx_word' id='word_1_76' title='bbox 574 1907 809 1989; x_wconf 86' lang='lat' dir='ltr'><strong>magnitudine;</strong></span> 
     </span>
     <span class='ocr_line' id='line_1_15' title="bbox 82 2009 763 2096; baseline -0.001 -21"><span class='ocrx_word' id='word_1_77' title='bbox 82 2013 185 2075; x_wconf 89' lang='lat' dir='ltr'><strong>Nito&#39;r</strong></span> <span class='ocrx_word' id='word_1_78' title='bbox 210 2010 373 2096; x_wconf 84' lang='lat' dir='ltr'><strong>smaragdi</strong></span> <span class='ocrx_word' id='word_1_79' title='bbox 396 2010 481 2074; x_wconf 85' lang='lat' dir='ltr'><strong>eollo</strong></span> <span class='ocrx_word' id='word_1_80' title='bbox 504 2009 684 2092; x_wconf 83' lang='lat' dir='ltr'><strong>praefulget</strong></span> <span class='ocrx_word' id='word_1_81' title='bbox 706 2021 763 2074; x_wconf 91' lang='lat' dir='ltr'><strong>tuo</strong></span> 
     </span>
     <span class='ocr_line' id='line_1_16' title="bbox 84 2112 963 2197; baseline -0.003 -19"><span class='ocrx_word' id='word_1_82' title='bbox 84 2115 259 2197; x_wconf 83' lang='lat' dir='ltr'><strong>Pictisque</strong></span> <span class='ocrx_word' id='word_1_83' title='bbox 283 2113 398 2196; x_wconf 87' lang='lat' dir='ltr'><strong>plumis</strong></span> <span class='ocrx_word' id='word_1_84' title='bbox 421 2133 595 2197; x_wconf 84' lang='lat' dir='ltr'><strong>gemmeam</strong></span> <span class='ocrx_word' id='word_1_85' title='bbox 619 2115 747 2174; x_wconf 85' lang='lat' dir='ltr'><strong>caudam</strong></span> <span class='ocrx_word' id='word_1_86' title='bbox 772 2112 925 2195; x_wconf 81' lang='lat' dir='ltr'><strong>explicas.</strong></span> <span class='ocrx_word' id='word_1_87' title='bbox 961 2127 963 2132; x_wconf 86' lang='lat'>&#39;</span> 
     </span>
     <span class='ocr_line' id='line_1_17' title="bbox 85 2213 1037 2300; baseline 0 -22"><span class='ocrx_word' id='word_1_88' title='bbox 85 2216 160 2297; x_wconf 84' lang='lat' dir='ltr'><strong>Quo</strong></span> <span class='ocrx_word' id='word_1_89' title='bbox 186 2219 255 2292; x_wconf 87' lang='lat' dir='ltr'><strong>mi,</strong></span> <span class='ocrx_word' id='word_1_90' title='bbox 279 2215 399 2300; x_wconf 87' lang='lat' dir='ltr'><strong>iuquit,</strong></span> <span class='ocrx_word' id='word_1_91' title='bbox 424 2225 540 2276; x_wconf 88' lang='lat' dir='ltr'><strong>mutam</strong></span> <span class='ocrx_word' id='word_1_92' title='bbox 564 2214 719 2296; x_wconf 90' lang='lat' dir='ltr'><strong>speeiem,</strong></span> <span class='ocrx_word' id='word_1_93' title='bbox 746 2215 772 2277; x_wconf 90' lang='lat' dir='ltr'><strong>si</strong></span> <span class='ocrx_word' id='word_1_94' title='bbox 796 2217 908 2279; x_wconf 86' lang='lat' dir='ltr'><strong>vincor</strong></span> <span class='ocrx_word' id='word_1_95' title='bbox 930 2213 1037 2280; x_wconf 85' lang='lat' dir='ltr'><strong>sono?</strong></span> 
     </span>
     <span class='ocr_line' id='line_1_18' title="bbox 89 2309 1100 2398; baseline -0.003 -16"><span class='ocrx_word' id='word_1_96' title='bbox 89 2321 252 2383; x_wconf 82' lang='lat' dir='ltr'><strong>Fatorum</strong></span> <span class='ocrx_word' id='word_1_97' title='bbox 277 2317 411 2382; x_wconf 90' lang='lat' dir='ltr'><strong>arbitrio</strong></span> <span class='ocrx_word' id='word_1_98' title='bbox 433 2309 541 2398; x_wconf 84' lang='lat' dir='ltr'><strong>partes</strong></span> <span class='ocrx_word' id='word_1_99' title='bbox 564 2328 637 2379; x_wconf 86' lang='lat' dir='ltr'><strong>sunt</strong></span> <span class='ocrx_word' id='word_1_100' title='bbox 659 2317 752 2380; x_wconf 89' lang='lat' dir='ltr'><strong>vobis</strong></span> <span class='ocrx_word' id='word_1_101' title='bbox 776 2321 888 2381; x_wconf 85' lang='lat' dir='ltr'><strong>datae:</strong></span> <span class='ocrx_word' id='word_1_102' title='bbox 1060 2321 1100 2380; x_wconf 86' lang='lat'><strong>10</strong></span> 
     </span>
     <span class='ocr_line' id='line_1_19' title="bbox 89 2417 894 2502; baseline -0.001 -17"><span class='ocrx_word' id='word_1_103' title='bbox 89 2423 166 2485; x_wconf 90' lang='lat' dir='ltr'><strong>Tibi</strong></span> <span class='ocrx_word' id='word_1_104' title='bbox 188 2423 316 2495; x_wconf 86' lang='lat' dir='ltr'><strong>forma,</strong></span> <span class='ocrx_word' id='word_1_105' title='bbox 342 2421 427 2482; x_wconf 87' lang='lat' dir='ltr'><strong>vires</strong></span> <span class='ocrx_word' id='word_1_106' title='bbox 450 2417 592 2502; x_wconf 84' lang='lat' dir='ltr'><strong>aquilae,</strong></span> <span class='ocrx_word' id='word_1_107' title='bbox 617 2419 752 2486; x_wconf 88' lang='lat' dir='ltr'><strong>luscinio</strong></span> <span class='ocrx_word' id='word_1_108' title='bbox 777 2421 894 2497; x_wconf 88' lang='lat' dir='ltr'><strong>melos,</strong></span> 
     </span>
     <span class='ocr_line' id='line_1_20' title="bbox 88 2521 827 2609; baseline -0.003 -23"><span class='ocrx_word' id='word_1_109' title='bbox 88 2524 276 2609; x_wconf 83' lang='lat' dir='ltr'><strong>Augurium</strong></span> <span class='ocrx_word' id='word_1_110' title='bbox 300 2543 421 2597; x_wconf 83' lang='lat' dir='ltr'><strong>corvo,</strong></span> <span class='ocrx_word' id='word_1_111' title='bbox 445 2521 536 2583; x_wconf 89' lang='lat' dir='ltr'><strong>laeva</strong></span> <span class='ocrx_word' id='word_1_112' title='bbox 559 2523 681 2586; x_wconf 84' lang='lat' dir='ltr'><strong>corniei</strong></span> <span class='ocrx_word' id='word_1_113' title='bbox 705 2521 827 2586; x_wconf 87' lang='lat' dir='ltr'><strong>omina:</strong></span> 
     </span>
     <span class='ocr_line' id='line_1_21' title="bbox 88 2623 927 2712; baseline -0.002 -20"><span class='ocrx_word' id='word_1_114' title='bbox 88 2627 273 2712; x_wconf 85' lang='lat' dir='ltr'><strong>Omnesque</strong></span> <span class='ocrx_word' id='word_1_115' title='bbox 296 2623 440 2708; x_wconf 87' lang='lat' dir='ltr'><strong>propriis</strong></span> <span class='ocrx_word' id='word_1_116' title='bbox 463 2637 534 2688; x_wconf 87' lang='lat' dir='ltr'><strong>sunt</strong></span> <span class='ocrx_word' id='word_1_117' title='bbox 558 2637 723 2690; x_wconf 87' lang='lat' dir='ltr'><strong>contentae</strong></span> <span class='ocrx_word' id='word_1_118' title='bbox 746 2627 886 2690; x_wconf 87' lang='lat' dir='ltr'><strong>dotibus.</strong></span> <span class='ocrx_word' id='word_1_119' title='bbox 924 2683 927 2690; x_wconf 87' lang='lat'><strong>.</strong></span> 
     </span>
    </p>
   </div>
   <div class='ocr_carea' id='block_1_6' title="bbox 82 2790 1155 4054">
    <p class='ocr_par' dir='ltr' id='par_1_6' title="bbox 82 2790 1155 3424">
     <span class='ocr_line' id='line_1_22' title="bbox 86 2790 1096 2872; baseline 0.005 -18"><span class='ocrx_word' id='word_1_120' title='bbox 86 2813 152 2868; x_wconf 79' lang='lat' dir='ltr'><strong>guit:</strong></span> <span class='ocrx_word' id='word_1_121' title='bbox 172 2809 294 2855; x_wconf 76' lang='lat' dir='ltr'><strong>Minerva</strong></span> <span class='ocrx_word' id='word_1_122' title='bbox 316 2808 448 2854; x_wconf 81' lang='lat' dir='ltr'><strong>admirane</strong></span> <span class='ocrx_word' id='word_1_123' title='bbox 467 2823 545 2870; x_wconf 85' lang='lat' dir='ltr'><strong>quare</strong></span> <span class='ocrx_word' id='word_1_124' title='bbox 563 2790 661 2853; x_wconf 74' lang='lat' dir='ltr'><strong>eter&#39;ilie</strong></span> <span class='ocrx_word' id='word_1_125' title='bbox 677 2815 821 2867; x_wconf 73' lang='lat' dir='ltr'><strong>numerent,</strong></span> <span class='ocrx_word' id='word_1_126' title='bbox 841 2809 1011 2872; x_wconf 77' lang='lat' dir='ltr'><strong>Interrogavit</strong></span> <span class='ocrx_word' id='word_1_127' title='bbox 1022 2826 1096 2859; x_wconf 77' lang='lat' dir='ltr'><strong>caar-</strong></span> 
     </span>
     <span class='ocr_line' id='line_1_23' title="bbox 86 2875 1096 2940; baseline 0.005 -18"><span class='ocrx_word' id='word_1_128' title='bbox 86 2893 161 2935; x_wconf 82' lang='lat' dir='ltr'><strong>eam;</strong></span> <span class='ocrx_word' id='word_1_129' title='bbox 180 2881 253 2924; x_wconf 78' lang='lat' dir='ltr'><strong>dixit</strong></span> <span class='ocrx_word' id='word_1_130' title='bbox 264 2878 385 2937; x_wconf 85' lang='lat' dir='ltr'><strong>luppiter.</strong></span> <span class='ocrx_word' id='word_1_131' title='bbox 423 2877 462 2938; x_wconf 80' lang='lat' dir='ltr'><strong>(i)</strong></span> <span class='ocrx_word' id='word_1_132' title='bbox 480 2875 718 2940; x_wconf 64' lang='lat' dir='ltr'><strong>Honoremsraeta]</strong></span> <span class='ocrx_word' id='word_1_133' title='bbox 737 2879 768 2926; x_wconf 97' lang='lat' dir='ltr'><strong>N.</strong></span> <span class='ocrx_word' id='word_1_134' title='bbox 790 2882 813 2926; x_wconf 90' lang='lat' dir='ltr'><strong>iu</strong></span> <span class='ocrx_word' id='word_1_135' title='bbox 833 2880 999 2936; x_wconf 79' lang='lat' dir='ltr'><strong>Cornucopiae</strong></span> <span class='ocrx_word' id='word_1_136' title='bbox 1018 2885 1096 2927; x_wconf 81' lang='lat' dir='ltr'><strong>rario-</strong></span> 
     </span>
     <span class='ocr_line' id='line_1_24' title="bbox 88 2945 1098 3007; baseline 0.006 -17"><span class='ocrx_word' id='word_1_137' title='bbox 88 2963 140 2993; x_wconf 87' lang='lat' dir='ltr'><strong>rum</strong></span> <span class='ocrx_word' id='word_1_138' title='bbox 165 2951 231 2994; x_wconf 86' lang='lat' dir='ltr'><strong>eoni.</strong></span> <span class='ocrx_word' id='word_1_139' title='bbox 260 2947 368 2994; x_wconf 83' lang='lat' dir='ltr'><strong>firmans.</strong></span> <span class='ocrx_word' id='word_1_140' title='bbox 397 2947 422 2994; x_wconf 88' lang='lat' dir='ltr'><strong>S.</strong></span> <span class='ocrx_word' id='word_1_141' title='bbox 450 2973 483 2983; x_wconf 84' lang='lat'>-</span> <span class='ocrx_word' id='word_1_142' title='bbox 508 2947 607 2993; x_wconf 83' lang='lat' dir='ltr'><strong>Honore</strong></span> <span class='ocrx_word' id='word_1_143' title='bbox 625 2945 742 3007; x_wconf 73' lang='lat' dir='ltr'><strong>fructum</strong></span> <span class='ocrx_word' id='word_1_144' title='bbox 765 2950 794 2994; x_wconf 91' lang='lat' dir='ltr'><strong>P.</strong></span> <span class='ocrx_word' id='word_1_145' title='bbox 821 2951 850 2995; x_wconf 86' lang='lat' dir='ltr'><strong>R.</strong></span> <span class='ocrx_word' id='word_1_146' title='bbox 874 2965 898 3006; x_wconf 89' lang='lat' dir='ltr'><strong>p.</strong></span> <span class='ocrx_word' id='word_1_147' title='bbox 919 2973 952 2984; x_wconf 88' lang='lat'><strong>·—</strong></span> <span class='ocrx_word' id='word_1_148' title='bbox 971 2949 1098 2996; x_wconf 84' lang='lat' dir='ltr'><strong>Honorem</strong></span> 
     </span>
     <span class='ocr_line' id='line_1_25' title="bbox 82 3013 1096 3078; baseline 0.005 -17"><span class='ocrx_word' id='word_1_149' title='bbox 82 3013 188 3076; x_wconf 82' lang='lat' dir='ltr'><strong>fractae</strong></span> <span class='ocrx_word' id='word_1_150' title='bbox 208 3020 293 3063; x_wconf 85' lang='lat' dir='ltr'><strong>Codici</strong></span> <span class='ocrx_word' id='word_1_151' title='bbox 319 3019 446 3064; x_wconf 85' lang='lat' dir='ltr'><strong>Perottiuo</strong></span> <span class='ocrx_word' id='word_1_152' title='bbox 472 3019 556 3063; x_wconf 82' lang='lat' dir='ltr'><strong>tribuit</strong></span> <span class='ocrx_word' id='word_1_153' title='bbox 578 3020 704 3074; x_wconf 82' lang='lat' dir='ltr'><strong>Derrill.;</strong></span> <span class='ocrx_word' id='word_1_154' title='bbox 736 3033 885 3078; x_wconf 75' lang='lat' dir='ltr'><strong>nequequam</strong></span> <span class='ocrx_word' id='word_1_155' title='bbox 910 3035 968 3066; x_wconf 83' lang='lat' dir='ltr'><strong>vero</strong></span> <span class='ocrx_word' id='word_1_156' title='bbox 997 3022 1096 3068; x_wconf 81' lang='lat' dir='ltr'><strong>lanoell.</strong></span> 
     </span>
     <span class='ocr_line' id='line_1_26' title="bbox 89 3086 1096 3150; baseline 0.003 -18"><span class='ocrx_word' id='word_1_157' title='bbox 89 3086 125 3145; x_wconf 79' lang='grc' dir='ltr'><strong>(ὃ)</strong></span> <span class='ocrx_word' id='word_1_158' title='bbox 144 3087 315 3150; x_wconf 68' lang='lat' dir='ltr'><strong>mehercules]</strong></span> <span class='ocrx_word' id='word_1_159' title='bbox 335 3089 366 3134; x_wconf 89' lang='lat' dir='ltr'><strong>N.</strong></span> <span class='ocrx_word' id='word_1_160' title='bbox 390 3090 415 3136; x_wconf 91' lang='lat' dir='ltr'><strong>S.</strong></span> <span class='ocrx_word' id='word_1_161' title='bbox 434 3113 467 3122; x_wconf 93' lang='lat'><em>-</em></span> <span class='ocrx_word' id='word_1_162' title='bbox 485 3086 626 3132; x_wconf 77' lang='lat' dir='ltr'><strong>mehercule</strong></span> <span class='ocrx_word' id='word_1_163' title='bbox 646 3088 677 3133; x_wconf 87' lang='lat' dir='ltr'><strong>P.</strong></span> <span class='ocrx_word' id='word_1_164' title='bbox 700 3089 729 3132; x_wconf 86' lang='lat' dir='ltr'><strong>R.</strong></span> <span class='ocrx_word' id='word_1_165' title='bbox 751 3093 778 3144; x_wconf 73' lang='lat' dir='ltr'><strong>p.</strong></span> <span class='ocrx_word' id='word_1_166' title='bbox 818 3087 901 3144; x_wconf 76' lang='lat' dir='ltr'><strong>(ibid.)</strong></span> <span class='ocrx_word' id='word_1_167' title='bbox 926 3087 1052 3150; x_wconf 77' lang='lat' dir='ltr'><strong>narrabit]</strong></span> <span class='ocrx_word' id='word_1_168' title='bbox 1071 3107 1096 3148; x_wconf 88' lang='lat' dir='ltr'><strong>p.</strong></span> 
     </span>
     <span class='ocr_line' id='line_1_27' title="bbox 90 3156 1098 3220; baseline 0.006 -20"><span class='ocrx_word' id='word_1_169' title='bbox 90 3157 114 3201; x_wconf 85' lang='lat' dir='ltr'><strong>S.</strong></span> <span class='ocrx_word' id='word_1_170' title='bbox 135 3179 164 3190; x_wconf 92' lang='lat'><em>—</em></span> <span class='ocrx_word' id='word_1_171' title='bbox 185 3161 302 3202; x_wconf 82' lang='lat' dir='ltr'><strong>narrarit</strong></span> <span class='ocrx_word' id='word_1_172' title='bbox 319 3159 349 3204; x_wconf 89' lang='lat' dir='ltr'><strong>P.</strong></span> <span class='ocrx_word' id='word_1_173' title='bbox 378 3159 409 3202; x_wconf 84' lang='lat' dir='ltr'><strong>R.</strong></span> <span class='ocrx_word' id='word_1_174' title='bbox 428 3179 461 3194; x_wconf 70' lang='grc' dir='ltr'><strong>ο·-</strong></span> <span class='ocrx_word' id='word_1_175' title='bbox 480 3156 635 3201; x_wconf 80' lang='lat' dir='ltr'><strong>narlrareulee</strong></span> <span class='ocrx_word' id='word_1_176' title='bbox 657 3159 738 3217; x_wconf 84' lang='lat' dir='ltr'><strong>inquit</strong></span> <span class='ocrx_word' id='word_1_177' title='bbox 757 3157 821 3219; x_wconf 85' lang='lat' dir='ltr'><strong>qaod</strong></span> <span class='ocrx_word' id='word_1_178' title='bbox 841 3159 871 3206; x_wconf 88' lang='lat' dir='ltr'><strong>N.</strong></span> <span class='ocrx_word' id='word_1_179' title='bbox 919 3158 958 3218; x_wconf 87' lang='grc'><strong>(9)</strong></span> <span class='ocrx_word' id='word_1_180' title='bbox 970 3157 1098 3220; x_wconf 78' lang='lat' dir='ltr'><strong>fructum]</strong></span> 
     </span>
     <span class='ocr_line' id='line_1_28' title="bbox 89 3224 1096 3288; baseline 0.005 -19"><span class='ocrx_word' id='word_1_181' title='bbox 89 3225 117 3270; x_wconf 85' lang='lat' dir='ltr'><strong>ll.</strong></span> <span class='ocrx_word' id='word_1_182' title='bbox 137 3243 150 3271; x_wconf 81' lang='lat' dir='ltr'><strong>a</strong></span> <span class='ocrx_word' id='word_1_183' title='bbox 169 3241 220 3274; x_wconf 88' lang='lat' dir='ltr'><strong>sec.</strong></span> <span class='ocrx_word' id='word_1_184' title='bbox 241 3243 274 3272; x_wconf 89' lang='lat' dir='ltr'><strong>m.</strong></span> <span class='ocrx_word' id='word_1_185' title='bbox 295 3229 410 3273; x_wconf 83' lang='lat' dir='ltr'><strong>Rittersh.</strong></span> <span class='ocrx_word' id='word_1_186' title='bbox 432 3229 457 3272; x_wconf 89' lang='lat' dir='ltr'><strong>S.</strong></span> <span class='ocrx_word' id='word_1_187' title='bbox 478 3224 628 3287; x_wconf 70' lang='lat' dir='ltr'><strong>-sruetae</strong></span> <span class='ocrx_word' id='word_1_188' title='bbox 641 3227 670 3271; x_wconf 95' lang='lat' dir='ltr'><strong>P.</strong></span> <span class='ocrx_word' id='word_1_189' title='bbox 690 3229 720 3272; x_wconf 82' lang='lat' dir='ltr'><strong>il.</strong></span> <span class='ocrx_word' id='word_1_190' title='bbox 742 3243 754 3272; x_wconf 84' lang='lat' dir='ltr'><strong>e</strong></span> <span class='ocrx_word' id='word_1_191' title='bbox 774 3242 811 3283; x_wconf 84' lang='lat' dir='ltr'><strong>pr.</strong></span> <span class='ocrx_word' id='word_1_192' title='bbox 831 3243 862 3276; x_wconf 89' lang='lat' dir='ltr'><strong>m.</strong></span> <span class='ocrx_word' id='word_1_193' title='bbox 884 3228 914 3275; x_wconf 91' lang='lat' dir='ltr'><strong>N.</strong></span> <span class='ocrx_word' id='word_1_194' title='bbox 930 3243 953 3284; x_wconf 92' lang='lat' dir='ltr'><strong>p.</strong></span> <span class='ocrx_word' id='word_1_195' title='bbox 991 3228 1048 3288; x_wconf 87' lang='lat'>(10)</span> <span class='ocrx_word' id='word_1_196' title='bbox 1064 3242 1096 3274; x_wconf 88' lang='lat'>=</span> 
     </span>
     <span class='ocr_line' id='line_1_29' title="bbox 90 3289 1155 3359; baseline 0.005 -20"><span class='ocrx_word' id='word_1_197' title='bbox 90 3294 153 3340; x_wconf 82' lang='lat' dir='ltr'><strong>Tam</strong></span> <span class='ocrx_word' id='word_1_198' title='bbox 175 3298 206 3342; x_wconf 93' lang='lat' dir='ltr'><strong>N.</strong></span> <span class='ocrx_word' id='word_1_199' title='bbox 233 3289 388 3343; x_wconf 63' lang='lat' dir='ltr'><strong>teste&#39;lann.</strong></span> <span class='ocrx_word' id='word_1_200' title='bbox 426 3296 509 3354; x_wconf 86' lang='lat' dir='ltr'><strong>(ibid.)</strong></span> <span class='ocrx_word' id='word_1_201' title='bbox 532 3295 642 3357; x_wconf 84' lang='lat' dir='ltr'><strong>genitor]</strong></span> <span class='ocrx_word' id='word_1_202' title='bbox 667 3297 698 3341; x_wconf 92' lang='lat' dir='ltr'><strong>N.</strong></span> <span class='ocrx_word' id='word_1_203' title='bbox 726 3311 750 3352; x_wconf 90' lang='lat' dir='ltr'><strong>p.</strong></span> <span class='ocrx_word' id='word_1_204' title='bbox 776 3299 802 3343; x_wconf 88' lang='lat' dir='ltr'><strong>S.</strong></span> <span class='ocrx_word' id='word_1_205' title='bbox 829 3311 862 3354; x_wconf 53' lang='lat' dir='ltr'><strong>rr-</strong></span> <span class='ocrx_word' id='word_1_206' title='bbox 885 3301 999 3359; x_wconf 84' lang='lat' dir='ltr'><strong>gentiam</strong></span> <span class='ocrx_word' id='word_1_207' title='bbox 1016 3302 1048 3348; x_wconf 86' lang='lat' dir='ltr'><strong>P.</strong></span> <span class='ocrx_word' id='word_1_208' title='bbox 1064 3301 1094 3344; x_wconf 86' lang='lat' dir='ltr'><strong>R.</strong></span> <span class='ocrx_word' id='word_1_209' title='bbox 1153 3335 1155 3344; x_wconf 79' lang='grc'>.</span> 
     </span>
     <span class='ocr_line' id='line_1_30' title="bbox 92 3363 763 3424; baseline 0.004 -16"><span class='ocrx_word' id='word_1_210' title='bbox 92 3363 141 3420; x_wconf 82' lang='grc'><strong>(13)</strong></span> <span class='ocrx_word' id='word_1_211' title='bbox 163 3385 192 3398; x_wconf 80' lang='lat'><strong>—-</strong></span> <span class='ocrx_word' id='word_1_212' title='bbox 214 3374 338 3412; x_wconf 81' lang='lat' dir='ltr'><strong>ammonet</strong></span> <span class='ocrx_word' id='word_1_213' title='bbox 355 3367 385 3412; x_wconf 85' lang='lat' dir='ltr'><strong>ll.</strong></span> <span class='ocrx_word' id='word_1_214' title='bbox 406 3391 438 3401; x_wconf 92' lang='lat'><strong>-—-</strong></span> <span class='ocrx_word' id='word_1_215' title='bbox 457 3374 539 3411; x_wconf 87' lang='lat' dir='ltr'><strong>monet</strong></span> <span class='ocrx_word' id='word_1_216' title='bbox 556 3367 586 3410; x_wconf 88' lang='lat' dir='ltr'><strong>P.</strong></span> <span class='ocrx_word' id='word_1_217' title='bbox 607 3368 721 3411; x_wconf 83' lang='lat' dir='ltr'><strong>Correxit</strong></span> <span class='ocrx_word' id='word_1_218' title='bbox 739 3382 763 3424; x_wconf 91' lang='lat' dir='ltr'><strong>p.</strong></span> 
     </span>
    </p>

    <p class='ocr_par' dir='ltr' id='par_1_7' title="bbox 91 3435 1146 4054">
     <span class='ocr_line' id='line_1_31' title="bbox 139 3435 1098 3495; baseline 0.001 -16"><span class='ocrx_word' id='word_1_219' title='bbox 139 3435 198 3481; x_wconf 81' lang='lat' dir='ltr'><strong>Fan.</strong></span> <span class='ocrx_word' id='word_1_220' title='bbox 218 3438 328 3485; x_wconf 68' lang='lat' dir='ltr'><strong>:ivut-</strong></span> <span class='ocrx_word' id='word_1_221' title='bbox 362 3435 399 3494; x_wconf 84' lang='grc'><strong>(1)</strong></span> <span class='ocrx_word' id='word_1_222' title='bbox 417 3447 455 3484; x_wconf 61' lang='grc' dir='ltr'><strong>ω</strong></span> <span class='ocrx_word' id='word_1_223' title='bbox 472 3436 539 3480; x_wconf 82' lang='lat' dir='ltr'><strong>Paeo</strong></span> <span class='ocrx_word' id='word_1_224' title='bbox 559 3435 675 3480; x_wconf 82' lang='lat' dir='ltr'><strong>lunonem</strong></span> <span class='ocrx_word' id='word_1_225' title='bbox 697 3438 809 3481; x_wconf 83' lang='lat' dir='ltr'><strong>convenit</strong></span> <span class='ocrx_word' id='word_1_226' title='bbox 825 3437 856 3481; x_wconf 93' lang='lat' dir='ltr'><strong>N.</strong></span> <span class='ocrx_word' id='word_1_227' title='bbox 895 3436 934 3495; x_wconf 78' lang='grc'><strong>(2)</strong></span> <span class='ocrx_word' id='word_1_228' title='bbox 953 3459 986 3472; x_wconf 79' lang='lat'><strong>--</strong></span> <span class='ocrx_word' id='word_1_229' title='bbox 1002 3435 1098 3482; x_wconf 76' lang='lat' dir='ltr'><strong>lumini</strong></span> 
     </span>
     <span class='ocr_line' id='line_1_32' title="bbox 91 3501 1096 3564; baseline 0 -14"><span class='ocrx_word' id='word_1_230' title='bbox 91 3501 119 3546; x_wconf 75' lang='lat' dir='ltr'><strong>R·</strong></span> <span class='ocrx_word' id='word_1_231' title='bbox 137 3529 170 3540; x_wconf 88' lang='lat'><strong>·—</strong></span> <span class='ocrx_word' id='word_1_232' title='bbox 190 3507 316 3550; x_wconf 84' lang='lat' dir='ltr'><strong>lueeiniae</strong></span> <span class='ocrx_word' id='word_1_233' title='bbox 335 3507 359 3552; x_wconf 88' lang='lat' dir='ltr'><strong>b.</strong></span> <span class='ocrx_word' id='word_1_234' title='bbox 380 3507 442 3552; x_wconf 82' lang='lat' dir='ltr'><strong>l.&#39;et</strong></span> <span class='ocrx_word' id='word_1_235' title='bbox 463 3519 486 3551; x_wconf 85' lang='lat' dir='ltr'><strong>v.</strong></span> <span class='ocrx_word' id='word_1_236' title='bbox 509 3506 549 3550; x_wconf 82' lang='grc'>11.</span> <span class='ocrx_word' id='word_1_237' title='bbox 571 3506 600 3550; x_wconf 92' lang='lat' dir='ltr'><strong>N.</strong></span> <span class='ocrx_word' id='word_1_238' title='bbox 618 3519 716 3550; x_wconf 80' lang='lat' dir='ltr'><strong>servans</strong></span> <span class='ocrx_word' id='word_1_239' title='bbox 733 3513 811 3552; x_wconf 86' lang='lat' dir='ltr'><strong>tamen</strong></span> <span class='ocrx_word' id='word_1_240' title='bbox 833 3521 855 3551; x_wconf 88' lang='lat' dir='ltr'><strong>r.</strong></span> <span class='ocrx_word' id='word_1_241' title='bbox 878 3507 958 3553; x_wconf 88' lang='lat' dir='ltr'><strong>illum.</strong></span> <span class='ocrx_word' id='word_1_242' title='bbox 997 3505 1033 3564; x_wconf 82' lang='lat'><strong>(3)</strong></span> <span class='ocrx_word' id='word_1_243' title='bbox 1052 3521 1096 3550; x_wconf 86' lang='lat' dir='ltr'><strong>aa·</strong></span> 
     </span>
     <span class='ocr_line' id='line_1_33' title="bbox 91 3571 1096 3634; baseline 0.007 -21"><span class='ocrx_word' id='word_1_244' title='bbox 91 3571 169 3634; x_wconf 69' lang='lat' dir='ltr'><strong>ribus]</strong></span> <span class='ocrx_word' id='word_1_245' title='bbox 189 3577 218 3620; x_wconf 90' lang='lat' dir='ltr'><strong>P.</strong></span> <span class='ocrx_word' id='word_1_246' title='bbox 242 3577 273 3620; x_wconf 86' lang='lat' dir='ltr'><strong>R.</strong></span> <span class='ocrx_word' id='word_1_247' title='bbox 299 3578 325 3620; x_wconf 89' lang='lat' dir='ltr'><strong>S.</strong></span> <span class='ocrx_word' id='word_1_248' title='bbox 344 3587 382 3624; x_wconf 60' lang='lat' dir='ltr'><strong>eto</strong></span> <span class='ocrx_word' id='word_1_249' title='bbox 400 3577 486 3621; x_wconf 78' lang='lat' dir='ltr'><strong>aviene</strong></span> <span class='ocrx_word' id='word_1_250' title='bbox 505 3575 534 3620; x_wconf 93' lang='lat' dir='ltr'><strong>N.</strong></span> <span class='ocrx_word' id='word_1_251' title='bbox 555 3575 652 3620; x_wconf 82' lang='lat' dir='ltr'><strong>firmans</strong></span> <span class='ocrx_word' id='word_1_252' title='bbox 667 3577 764 3621; x_wconf 87' lang='lat' dir='ltr'><strong>Pithoei</strong></span> <span class='ocrx_word' id='word_1_253' title='bbox 783 3578 847 3620; x_wconf 87' lang='lat' dir='ltr'><strong>coni.</strong></span> <span class='ocrx_word' id='word_1_254' title='bbox 871 3580 940 3622; x_wconf 84' lang='lat' dir='ltr'><strong>tacite</strong></span> <span class='ocrx_word' id='word_1_255' title='bbox 960 3579 989 3619; x_wconf 86' lang='lat' dir='ltr'><strong>ab</strong></span> <span class='ocrx_word' id='word_1_256' title='bbox 1010 3590 1038 3620; x_wconf 89' lang='lat' dir='ltr'><strong>eu</strong></span> <span class='ocrx_word' id='word_1_257' title='bbox 1056 3589 1096 3620; x_wconf 83' lang='lat' dir='ltr'><strong>re-</strong></span> 
     </span>
     <span class='ocr_line' id='line_1_34' title="bbox 93 3643 1096 3706; baseline 0.006 -22"><span class='ocrx_word' id='word_1_258' title='bbox 93 3649 189 3696; x_wconf 85' lang='lat' dir='ltr'><strong>ceptam.</strong></span> <span class='ocrx_word' id='word_1_259' title='bbox 211 3644 257 3703; x_wconf 93' lang='lat'><strong>(—</strong></span> <span class='ocrx_word' id='word_1_260' title='bbox 272 3646 457 3690; x_wconf 82' lang='lat' dir='ltr'><strong>ammirabilem</strong></span> <span class='ocrx_word' id='word_1_261' title='bbox 476 3647 506 3690; x_wconf 91' lang='lat' dir='ltr'><strong>P.</strong></span> <span class='ocrx_word' id='word_1_262' title='bbox 526 3645 567 3700; x_wconf 80' lang='lat' dir='ltr'><strong>R.)</strong></span> <span class='ocrx_word' id='word_1_263' title='bbox 605 3643 687 3701; x_wconf 84' lang='grc'>(5)-</span> <span class='ocrx_word' id='word_1_264' title='bbox 705 3648 817 3706; x_wconf 82' lang='lat' dir='ltr'><strong>gratiam</strong></span> <span class='ocrx_word' id='word_1_265' title='bbox 835 3648 865 3692; x_wconf 84' lang='lat' dir='ltr'><strong>P.</strong></span> <span class='ocrx_word' id='word_1_266' title='bbox 883 3648 929 3701; x_wconf 85' lang='lat' dir='ltr'><strong>R.‚</strong></span> <span class='ocrx_word' id='word_1_267' title='bbox 962 3652 1062 3704; x_wconf 86' lang='lat' dir='ltr'><strong>uterque</strong></span> <span class='ocrx_word' id='word_1_268' title='bbox 1081 3659 1096 3690; x_wconf 77' lang='lat' dir='ltr'><strong>a</strong></span> 
     </span>
     <span class='ocr_line' id='line_1_35' title="bbox 92 3714 1096 3775; baseline 0.002 -17"><span class='ocrx_word' id='word_1_269' title='bbox 92 3721 127 3763; x_wconf 76' lang='lat' dir='ltr'><strong>pt·</strong></span> <span class='ocrx_word' id='word_1_270' title='bbox 146 3727 226 3760; x_wconf 83' lang='lat' dir='ltr'><strong>manu.</strong></span> <span class='ocrx_word' id='word_1_271' title='bbox 247 3739 280 3748; x_wconf 90' lang='lat'>-</span> <span class='ocrx_word' id='word_1_272' title='bbox 299 3714 374 3759; x_wconf 79' lang='lat' dir='ltr'><strong>duxit</strong></span> <span class='ocrx_word' id='word_1_273' title='bbox 397 3729 422 3773; x_wconf 80' lang='lat' dir='ltr'><strong>g.</strong></span> <span class='ocrx_word' id='word_1_274' title='bbox 460 3715 514 3760; x_wconf 90' lang='lat' dir='ltr'><strong>Nou</strong></span> <span class='ocrx_word' id='word_1_275' title='bbox 532 3723 651 3760; x_wconf 84' lang='lat' dir='ltr'><strong>memorat</strong></span> <span class='ocrx_word' id='word_1_276' title='bbox 678 3719 747 3761; x_wconf 78' lang='lat' dir='ltr'><strong>Vino.</strong></span> <span class='ocrx_word' id='word_1_277' title='bbox 787 3715 822 3771; x_wconf 80' lang='lat'><strong>(6)</strong></span> <span class='ocrx_word' id='word_1_278' title='bbox 842 3741 874 3750; x_wconf 92' lang='lat'><em>-</em></span> <span class='ocrx_word' id='word_1_279' title='bbox 885 3714 976 3775; x_wconf 82' lang='lat' dir='ltr'><strong>forma</strong></span> <span class='ocrx_word' id='word_1_280' title='bbox 996 3722 1021 3759; x_wconf 77' lang='lat' dir='ltr'><strong>in</strong></span> <span class='ocrx_word' id='word_1_281' title='bbox 1043 3717 1096 3760; x_wconf 79' lang='lat' dir='ltr'><strong>nin·</strong></span> 
     </span>
     <span class='ocr_line' id='line_1_36' title="bbox 92 3779 1094 3846; baseline 0.006 -23"><span class='ocrx_word' id='word_1_282' title='bbox 92 3779 127 3824; x_wconf 79' lang='lat' dir='ltr'><strong>cie</strong></span> <span class='ocrx_word' id='word_1_283' title='bbox 145 3789 169 3826; x_wconf 78' lang='lat' dir='ltr'><strong>et</strong></span> <span class='ocrx_word' id='word_1_284' title='bbox 185 3798 272 3846; x_wconf 80' lang='lat' dir='ltr'><strong>magn.</strong></span> <span class='ocrx_word' id='word_1_285' title='bbox 294 3784 325 3829; x_wconf 90' lang='lat' dir='ltr'><strong>N.</strong></span> <span class='ocrx_word' id='word_1_286' title='bbox 354 3783 420 3842; x_wconf 85' lang='lat' dir='ltr'><strong>(sie).</strong></span> <span class='ocrx_word' id='word_1_287' title='bbox 464 3784 502 3844; x_wconf 81' lang='lat'><strong>(7)</strong></span> <span class='ocrx_word' id='word_1_288' title='bbox 532 3797 563 3828; x_wconf 92' lang='lat'><strong><em>=</em></strong></span> <span class='ocrx_word' id='word_1_289' title='bbox 588 3787 724 3846; x_wconf 69' lang='lat' dir='ltr'><strong>smaragdi</strong></span> <span class='ocrx_word' id='word_1_290' title='bbox 747 3787 829 3830; x_wconf 87' lang='lat' dir='ltr'><strong>Barm.</strong></span> <span class='ocrx_word' id='word_1_291' title='bbox 849 3788 876 3838; x_wconf 68' lang='lat' dir='ltr'><strong>S.</strong></span> <span class='ocrx_word' id='word_1_292' title='bbox 914 3785 949 3840; x_wconf 83' lang='lat'><strong>(9)</strong></span> <span class='ocrx_word' id='word_1_293' title='bbox 969 3784 1022 3846; x_wconf 81' lang='lat' dir='ltr'><strong>(luo</strong></span> <span class='ocrx_word' id='word_1_294' title='bbox 1047 3784 1094 3845; x_wconf 82' lang='lat' dir='ltr'><strong>mi]</strong></span> 
     </span>
     <span class='ocr_line' id='line_1_37' title="bbox 91 3850 1095 3914; baseline -0.001 -14"><span class='ocrx_word' id='word_1_295' title='bbox 91 3859 114 3900; x_wconf 83' lang='lat' dir='ltr'><strong>P·</strong></span> <span class='ocrx_word' id='word_1_296' title='bbox 133 3851 157 3895; x_wconf 79' lang='lat' dir='ltr'><strong>S.</strong></span> <span class='ocrx_word' id='word_1_297' title='bbox 187 3877 219 3888; x_wconf 95' lang='lat'><strong>—·</strong></span> <span class='ocrx_word' id='word_1_298' title='bbox 238 3869 285 3914; x_wconf 80' lang='lat' dir='ltr'><strong>pao</strong></span> <span class='ocrx_word' id='word_1_299' title='bbox 301 3852 364 3898; x_wconf 80' lang='lat' dir='ltr'><strong>milti</strong></span> <span class='ocrx_word' id='word_1_300' title='bbox 389 3855 418 3898; x_wconf 85' lang='lat' dir='ltr'><strong>P.</strong></span> <span class='ocrx_word' id='word_1_301' title='bbox 438 3855 468 3900; x_wconf 86' lang='lat' dir='ltr'><strong>R.</strong></span> <span class='ocrx_word' id='word_1_302' title='bbox 491 3875 520 3887; x_wconf 88' lang='lat'><strong>·-</strong></span> <span class='ocrx_word' id='word_1_303' title='bbox 540 3850 590 3900; x_wconf 78' lang='lat' dir='ltr'><strong>Cur</strong></span> <span class='ocrx_word' id='word_1_304' title='bbox 614 3854 690 3911; x_wconf 77' lang='lat' dir='ltr'><strong>milri,</strong></span> <span class='ocrx_word' id='word_1_305' title='bbox 716 3857 810 3914; x_wconf 82' lang='lat' dir='ltr'><strong>inquit,</strong></span> <span class='ocrx_word' id='word_1_306' title='bbox 828 3857 940 3912; x_wconf 77' lang='lat' dir='ltr'><strong>epeciee,</strong></span> <span class='ocrx_word' id='word_1_307' title='bbox 967 3852 992 3898; x_wconf 81' lang='lat' dir='ltr'><strong>ei</strong></span> <span class='ocrx_word' id='word_1_308' title='bbox 1009 3855 1040 3900; x_wconf 87' lang='lat' dir='ltr'><strong>N.</strong></span> <span class='ocrx_word' id='word_1_309' title='bbox 1066 3867 1095 3901; x_wconf 79' lang='lat' dir='ltr'><strong>ex</strong></span> 
     </span>
     <span class='ocr_line' id='line_1_38' title="bbox 97 3917 1146 3983; baseline 0.01 -26"><span class='ocrx_word' id='word_1_310' title='bbox 97 3917 204 3976; x_wconf 89' lang='lat' dir='ltr'><strong>interpol.</strong></span> <span class='ocrx_word' id='word_1_311' title='bbox 242 3921 299 3983; x_wconf 85' lang='lat'>(10)</span> <span class='ocrx_word' id='word_1_312' title='bbox 317 3949 350 3958; x_wconf 90' lang='lat'><em>—</em></span> <span class='ocrx_word' id='word_1_313' title='bbox 369 3924 436 3968; x_wconf 79' lang='lat' dir='ltr'><strong>nobie</strong></span> <span class='ocrx_word' id='word_1_314' title='bbox 463 3931 522 3969; x_wconf 84' lang='lat' dir='ltr'><strong>eunt</strong></span> <span class='ocrx_word' id='word_1_315' title='bbox 541 3923 571 3969; x_wconf 91' lang='lat' dir='ltr'><strong>N.</strong></span> <span class='ocrx_word' id='word_1_316' title='bbox 594 3930 654 3970; x_wconf 83' lang='lat' dir='ltr'><strong>teste</strong></span> <span class='ocrx_word' id='word_1_317' title='bbox 673 3926 796 3978; x_wconf 86' lang='lat' dir='ltr'><strong>Dorrill.,</strong></span> <span class='ocrx_word' id='word_1_318' title='bbox 817 3939 863 3968; x_wconf 90' lang='lat' dir='ltr'><strong>non</strong></span> <span class='ocrx_word' id='word_1_319' title='bbox 884 3927 951 3969; x_wconf 86' lang='lat' dir='ltr'><strong>lnnn.</strong></span> <span class='ocrx_word' id='word_1_320' title='bbox 989 3924 1041 3979; x_wconf 76' lang='grc'><strong>(12)</strong></span> <span class='ocrx_word' id='word_1_321' title='bbox 1061 3945 1094 3959; x_wconf 65' lang='grc' dir='ltr'><strong>-ι</strong></span> <span class='ocrx_word' id='word_1_322' title='bbox 1136 3927 1146 3950; x_wconf 56' lang='grc'>)</span> 
     </span>
     <span class='ocr_line' id='line_1_39' title="bbox 94 3985 1091 4054; baseline 0.011 -24"><span class='ocrx_word' id='word_1_323' title='bbox 94 3985 144 4031; x_wconf 82' lang='lat' dir='ltr'><strong>Iera</strong></span> <span class='ocrx_word' id='word_1_324' title='bbox 161 4005 183 4036; x_wconf 90' lang='lat' dir='ltr'><strong>e.</strong></span> <span class='ocrx_word' id='word_1_325' title='bbox 202 3991 304 4039; x_wconf 80' lang='lat' dir='ltr'><strong>lomina</strong></span> <span class='ocrx_word' id='word_1_326' title='bbox 322 3995 353 4040; x_wconf 88' lang='lat' dir='ltr'><strong>P.</strong></span> <span class='ocrx_word' id='word_1_327' title='bbox 373 3993 402 4039; x_wconf 84' lang='lat' dir='ltr'><strong>R.</strong></span> <span class='ocrx_word' id='word_1_328' title='bbox 424 3991 478 4053; x_wconf 77' lang='lat'>(13)</span> <span class='ocrx_word' id='word_1_329' title='bbox 497 3992 646 4054; x_wconf 72' lang='lat' dir='ltr'><strong>Omnesque]</strong></span> <span class='ocrx_word' id='word_1_330' title='bbox 665 3997 705 4040; x_wconf 85' lang='lat' dir='ltr'><strong>Sic</strong></span> <span class='ocrx_word' id='word_1_331' title='bbox 725 3999 773 4038; x_wconf 80' lang='lat' dir='ltr'><strong>tres</strong></span> <span class='ocrx_word' id='word_1_332' title='bbox 793 3995 854 4046; x_wconf 79' lang='lat' dir='ltr'><strong>Cdd.</strong></span> <span class='ocrx_word' id='word_1_333' title='bbox 873 3995 903 4040; x_wconf 89' lang='lat' dir='ltr'><strong>P.</strong></span> <span class='ocrx_word' id='word_1_334' title='bbox 923 3995 952 4040; x_wconf 84' lang='lat' dir='ltr'><strong>ll.</strong></span> <span class='ocrx_word' id='word_1_335' title='bbox 969 3995 1003 4041; x_wconf 88' lang='lat' dir='ltr'><strong>N.</strong></span> <span class='ocrx_word' id='word_1_336' title='bbox 1018 3999 1091 4052; x_wconf 73' lang='grc' dir='ltr'><strong>(ιιοιιῑ</strong></span> 
     </span>
    </p>
   </div>
   <div class='ocr_carea' id='block_1_7' title="bbox 0 0 1401 4772">
    <p class='ocr_par' dir='ltr' id='par_1_8' title="bbox 0 0 1401 4772">
     <span class='ocr_line' id='line_1_40' title="bbox 0 0 1401 4772; baseline 0 0"><span class='ocrx_word' id='word_1_337' title='bbox 0 0 1401 4772; x_wconf 95' lang='lat' dir='ltr'><strong> </strong></span> 
     </span>
    </p>
   </div>
  </div>
 </body>
</html>
