2788 4772
76 466 294 552 Persequitur
315 464 403 532 illum
426 467 504 532 dura
526 464 583 530 tati
605 463 743 530 miseria.

120 571 209 634 Galli
233 569 384 652 Cybebes
407 569 526 634 circum
548 569 585 632 in
606 581 756 654 quaestus
779 570 895 634 ducere

74 673 212 738 Asinum
236 675 383 738 solebant
403 673 594 738 baiulantem
616 673 768 737 sarcinas.

74 777 107 840 Is
131 799 231 860 quum
253 778 367 841 labore
388 787 419 839 et
441 776 544 862 plagis
568 788 651 840 esset
674 787 839 852 mortuus,

75 879 231 944 Detracta
255 879 339 962 pelle
361 878 422 942 sibi
442 879 590 944 lecerunt
612 891 773 962 tympana.

76 983 199 1068 Rogati
225 1004 299 1046 mox
322 984 499 1069 aquodam
523 982 636 1046 delicio
658 1003 738 1060 suo,

76 1085 235 1165 Quidnam
258 1085 434 1150 fecissent?
455 1087 519 1150 hoc
541 1084 639 1150 locuti
662 1097 736 1148 stant
759 1087 875 1150 ruodo:

77 1189 220 1252 Putabat
241 1210 275 1252 se
297 1201 372 1271 post
395 1199 529 1253 mortem
552 1209 699 1250 securum
720 1189 815 1264 fore3

78 1293 166 1357 Ecce
190 1291 272 1355 aliae
293 1292 408 1376 plagae
431 1303 650 1376 congeruntur
673 1303 815 1356 mortuo.

503 1509 603 1572 [utu.
628 1510 678 1571 u]

496 1643 670 1730 rodus.

118 1805 272 1872 Ioculare
293 1803 353 1868 tibi
373 1801 522 1868 videtur:
545 1814 578 1866 et
598 1824 674 1868 sane
696 1801 782 1880 levi,

78 1907 163 1974 Dum
185 1908 266 1972 nihil
285 1897 440 1972 habemus
462 1906 582 1982 mains,
606 1906 730 1971 calamo
754 1904 904 1972 ludimus.

80 2011 142 2074 Sed
164 2012 338 2097 diiigenter
359 2010 484 2074 intuere
506 2010 562 2072 tus
585 2010 733 2074 naenias:

79 2114 240 2194 Quantam
262 2115 322 2178 sub
344 2113 405 2178 illis
426 2097 591 2178 utilitatem
614 2112 774 2195 reperies!

80 2217 153 2280 Non
175 2239 305 2300 semper
327 2238 363 2280 ea
387 2229 477 2293 sunt,
502 2236 583 2300 quae
605 2215 771 2279 videntur:
796 2214 915 2298 decipit
1071 2219 1090 2282 5

80 2319 184 2385 Frons
207 2321 311 2403 prima
332 2323 469 2396 multos;
491 2341 566 2384 rara
588 2339 674 2382 meus
696 2318 873 2404 intellegit,

81 2422 176 2502 Quod
196 2423 353 2488 interiore
375 2423 515 2489 condidit
538 2443 615 2486 eiua
637 2422 770 2507 angulo.

81 2525 154 2590 Hoc
176 2548 215 2590 ne
239 2527 366 2590 locutus
389 2527 457 2590 sine
478 2527 624 2588 mercede
647 2524 833 2602 existimer,

80 2627 244 2693 Fabellam
266 2627 408 2693 adiiciam
433 2631 474 2692 de
496 2629 630 2692 mustela
658 2639 691 2690 et
712 2628 867 2693 muribus.

121 2733 284 2809 Mustela,
308 2753 406 2816 quum
430 2730 517 2796 annis
540 2744 573 2796 et
593 2745 721 2796 senecta
743 2733 859 2796 debilis
1053 2739 1094 2800 to

81 2833 195 2901 Mures
218 2837 348 2901 veloces
370 2855 437 2900 non
460 2835 586 2900 valeret
607 2836 753 2922 adsequi,

83 2935 225 3005 Involvit
247 2959 281 3004 se
302 2937 405 3004 lerina
426 2949 460 3002 et
482 2939 623 3006 obscuro
646 2940 721 3004 loco

64 3039 209 3117 ,Altiecit
231 3042 453 3128 neglegenter.
477 3059 479 3064 ·
499 3043 577 3106 Mus
600 3063 703 3104 escam
725 3052 839 3126 putans

85 3144 223 3212 Adsiluit
244 3158 276 3210 et
297 3165 501 3228 compressus
524 3144 675 3210 occubuit
697 3145 780 3210 neci.

86 3361 116 3408 ll.
133 3379 158 3422 p.
195 3364 254 3425 (12)
278 3387 313 3404 -
338 3366 451 3412 illuserit
467 3366 530 3412 Gnd.
553 3367 649 3414 Omittit
666 3369 727 3414 lanne
744 3383 768 3414 v.
788 3369 818 3414 tt.
851 3371 969 3426 Brotier,
999 3374 1095 3420 Selius·

87 3431 151 3489 ltine,
172 3437 236 3483 zett.
255 3439 310 3484 hnic
337 3436 400 3481 libro
424 3438 553 3495 Epilogum
571 3439 659 3486 addunt
678 3440 733 3500 Lib.
754 3442 797 3484 tv.
819 3441 881 3486 Pub.
903 3439 945 3488 25.
966 3443 1043 3490 eota.
1063 3445 1093 3489 P.

87 3508 110 3546 et
124 3504 171 3563 tt.;
190 3510 319 3567 prologum
338 3512 417 3551 nutent
435 3508 507 3552 iidem
527 3507 640 3552 Editores
660 3511 768 3566 sequenti
787 3511 850 3554 libro
871 3521 1020 3568 praeponunt
1045 3517 1095 3569 epi·

86 3570 165 3630 logum
195 3578 250 3622 libri
275 3579 319 3622 tv.
344 3578 407 3632 apud
424 3577 568 3632 Pithoentn,
601 3579 651 3621 sive
673 3581 734 3634 apud
759 3581 843 3626 Burtu.
881 3585 1009 3641 prologum
1027 3583 1094 3630 ttnri

86 3641 115 3686 V.
135 3643 215 3704 (tuum
231 3646 409 3694 destinassem.
447 3646 497 3692 llos
517 3649 625 3692 codicum
643 3651 752 3694 ordinem
770 3653 923 3698 retinuimus.
1160 3701 1164 3705 ,

134 3715 219 3762 ntuut
251 3718 293 3762 lV.
337 3718 397 3762 Pan.
425 3717 446 3762 1.
484 3714 523 3773 (3)
549 3714 670 3778 Cybebes]
694 3720 724 3765 P.
750 3720 781 3765 u.
813 3722 839 3764 S.
868 3745 901 3756 -
932 3717 1038 3781 Cybeles
1066 3737 1090 3779 p.

88 3779 168 3839 (lbid.)
193 3788 289 3831 cirrum
312 3787 340 3832 iu
362 3783 492 3847 quaestus]
511 3785 574 3833 Gud.
595 3788 621 3832 S.
641 3811 674 3822 ·-
692 3791 790 3836 circum
808 3797 910 3850 quartur
931 3793 990 3845 (sie)
1008 3794 1038 3838 P.
1060 3793 1091 3840 li.

87 3861 110 3902 Ρ·
145 3853 181 3910 (l)
198 3867 237 3904 ω
253 3855 369 3902 detracto
387 3856 482 3914 spello
499 3857 616 3902 liittersh.
637 3859 720 3905 Bnrm.
740 3860 826 3906 Bothe.
865 3859 900 3916 (8)
919 3881 955 3894 —
973 3861 1095 3909 delicioso

88 3917 116 3964 P.
134 3935 149 3965 a
166 3937 216 3974 sec.
236 3941 268 3972 m.
307 3925 363 3982 (11)
382 3925 489 3986 mortno]
508 3941 533 3982 p.
556 3929 582 3973 S.
603 3951 636 3962 -
654 3931 748 3975 mortni
766 3930 796 3974 P.
816 3943 841 3988 g.

138 3991 196 4040 Pas.
208 3997 241 4042 ll.
261 3995 643 4055 (1)-10eutaresuetvtdantur
650 4001 733 4046 Heius.
744 4001 830 4048 Bothe.
842 3997 1091 4060 (tetdutestlscneu.
