2796 4746
283 1121 347 1196 DE
374 1121 554 1197 CODICE
584 1119 872 1197 DANIELINO.

461 1303 684 1322 -ᾑ--ι-

144 1457 247 1540 Quam
276 1457 399 1524 incerta
432 1469 464 1523 et
496 1480 644 1524 errorum
674 1458 768 1542 plena
795 1456 902 1522 omnia
926 1453 1062 1530 fuerint,

78 1583 161 1648 quae
183 1563 221 1626 de
244 1558 369 1628 Codice
380 1561 552 1628 Danieliuo
569 1565 672 1626 adhuc
692 1560 914 1637 innotuerant,
937 1555 1064 1645 perspi-

79 1662 164 1741 cies,
199 1665 324 1744 lector,
359 1663 481 1742 exiis,
518 1687 598 1752 quae
625 1687 727 1750 pagg.
749 1666 801 1728 tt.
825 1686 918 1750 seqq.
961 1663 1064 1726 Prae-

76 1766 210 1832 fatiouis
235 1788 323 1831 meae
347 1771 386 1832 de
414 1790 453 1833 eo
483 1766 658 1851 disputavi.
701 1769 797 1832 Nunc
820 1789 916 1853 quum
937 1767 1064 1828 tandem

77 1873 184 1935 denuo
204 1891 356 1935 excussus
377 1869 419 1935 eit
438 1872 477 1934 ab
498 1871 629 1956 Angelo
652 1871 761 1948 Maio,
791 1871 839 1936 V.
864 1867 924 1946 C.,
959 1866 1065 1933 omnia

77 1973 144 2038 iam
170 1976 211 2037 ad
233 1971 389 2059 liquidum
409 1973 564 2057 perducta
597 1995 665 2038 esse
694 1973 808 2038 merito
842 1994 964 2036 mecum
987 1992 1065 2056 gau·

78 2075 185 2141 debis.
229 2075 382 2142 Continet
404 2075 433 2141 is
462 2098 544 2162 ergo
567 2075 664 2140 Libri
695 2076 792 2160 primi
813 2076 953 2140 Fabulae
987 2084 1063 2138 octo

79 2181 265 2244 dumtaxat:
303 2179 427 2244 scilicet
452 2179 518 2244 XI.
547 2178 631 2243 XII.
657 2177 760 2243 XIII.
784 2179 903 2242 XVII.
927 2175 1063 2244 XVIII.

79 2283 181 2348 XIX.
204 2283 286 2350 XX.
308 2283 408 2348 XXI.
453 2283 518 2346 Sed
538 2281 700 2346 audiamus
717 2279 843 2348 Maium
862 2279 979 2365 ipsum.

390 2735 461 2810 ne
490 2731 757 2814 Puteum
880 2695 884 2707 ’

108 2927 111 2932 ·
175 2889 475 2959 FRAGMENTO
496 2893 689 2960 VETERE
710 2895 973 2964 VATICANO.

465 3053 686 3073 αΜ-ι--ι-ι-

148 3173 323 3256 Codicum,
346 3177 401 3264 qui
414 3180 558 3247 Phaedri
571 3183 696 3248 fabulas
711 3184 891 3263 continent,
914 3207 1066 3250 summam

84 3299 154 3344 ease
184 3281 364 3364 penuriam,
384 3283 518 3349 eruditi
547 3286 663 3350 sciunt.
707 3288 842 3355 Etenim.
864 3288 1067 3376 antiquuset
1128 3321 1130 3326 ·
1156 3371 1159 3376 Ι

82 3380 195 3465 plenus
218 3384 427 3469 cognoscitur
448 3409 528 3451 unua
555 3387 770 3469 Pithoeauus,
803 3395 885 3457 undo
915 3392 1066 3477 princeps
1117 3413 1119 3418 ·

83 3483 182 3550 editio
200 3486 341 3569 prodiit;
371 3489 427 3576 qui
447 3493 552 3556 codex
573 3491 734 3578 quantivis
755 3492 871 3578 pretii,
901 3517 1080 3580 superesse„

82 3585 118 3650 in
140 3588 245 3654 Gallia
268 3593 371 3656 adhuc
394 3591 524 3659 dicitur.
574 3595 670 3662 Alter
691 3608 760 3660 erat
781 3597 907 3682 priscus
928 3601 1066 3664 Remen-

83 3689 140 3767 oie,
175 3693 230 3778 qui
260 3715 343 3760 anuo
371 3695 675 3766 MDCCLXXIV.
702 3700 851 3768 incendio
876 3705 1065 3786 'absumptus

82 3791 156 3857 snit.
202 3796 331 3862 Tertius
355 3799 498 3865 Phaedri
526 3804 631 3867 codex
659 3806 698 3867 ab
726 3803 863 3869 eruditis·
886 3805 1066 3890 appellatur

82 3894 295 3982 fragmentum
317 3911 474 3965 vetustum
492 3907 668 3989 quoddam,
702 3911 790 3994 quod
811 3909 928 3974 Petrus
949 3907 1065 3974 Daniel

85 4019 103 4061 e
124 3999 288 4078 vastitate,
321 4024 415 4089 quam
437 4005 639 4076 Floriacensi
657 4011 693 4074 S.
714 4011 882 4077 Benedicti
902 4010 1064 4079 coenobio
