2796 4746
305 309 346 374 32

307 449 466 515 contineri
487 450 701 516 affirmarunt.
744 450 848 540 Atqui
868 451 966 536 primi
986 445 1064 517 libri
1080 449 1209 516 fabulae
1223 465 1308 516 sunt

304 554 461 630 xxxl.;
486 555 701 640 fragmentum
727 577 808 620 vero
830 556 928 620 habet
950 557 1171 620 tantummodo
1198 565 1307 632 oeto,

304 666 336 720 et
353 637 481 742 q‘uidem
498 679 536 721 ea
555 658 682 722 ratione
707 657 741 722 in
760 657 954 722 membranis
975 657 1132 741 scriptas,
1161 667 1196 720 ut
1209 655 1308 719 'nihil

304 755 378 822 inde
399 759 545 823 subtrahi
564 782 701 846 unquam
723 761 879 844 potnerit.
925 759 1081 847 Eprima
1104 758 1188 824 enim
1208 770 1308 823 recta
1383 837 1384 852 χ

304 860 422 946 pagina
444 873 477 925 et
499 883 592 925 versa
613 862 694 926 nihil
717 867 842 927 demere
860 862 958 928 licet:
996 862 1165 927 transitum
1191 873 1306 926 antem

244 1013 247 1021 .
305 987 325 1027 a
346 967 483 1028 secunda
517 967 557 1028 ad
582 965 709 1029 tertiam
736 967 887 1052 paginam
913 965 1013 1031 nectit
1035 966 1144 1032 fabula
1167 964 1303 1052 quinta,
1383 985 1384 1002 ¹

305 1089 387 1155 quae
405 1066 570 1154 utriusque
591 1065 666 1132 folii
685 1080 808 1151 partem
832 1081 984 1155 occupat.
1029 1068 1177 1154 Denique
1200 1089 1304 1154 qnar-

303 1181 370 1232 tam
389 1171 539 1256 paginam
560 1170 691 1236 diverso
718 1183 906 1257 argumento
932 1170 1116 1257 impeditam
1143 1170 1301 1234 diximus.

204 1331 209 1342 ,
305 1275 535 1358 Fragmentum
551 1273 653 1360 igitur
667 1273 875 1339 Floriacensc
890 1274 962 1359 plns
982 1286 1060 1340 octo
1074 1273 1192 1338 sabulis
1207 1273 1300 1336 nullo

304 1389 451 1459 tempore
469 1377 603 1441 habuit:
627 1399 730 1462 neque
742 1395 854 1462 reapse
869 1377 904 1440 in
919 1376 989 1441 aliis
1003 1376 1121 1442 fabulis
1137 1376 1299 1441 lectiones

305 1479 415 1543 hariae
437 1499 455 1542 a
474 1478 596 1543 criticis
619 1498 661 1544 ex
681 1482 747 1544 hoe
768 1480 953 1564 fragmento
974 1489 1152 1564 ponuntur.
1198 1481 1302 1561 Quod

287 1581 335 1645 ·si
357 1571 528 1668 aliquando
550 1583 603 1658 lit,
628 1599 742 1647 errore
762 1581 951 1649 criticorum
969 1583 1105 1660 accidit,
1128 1582 1186 1669 qni
1201 1582 1299 1646 alium

306 1707 370 1769 pro
394 1683 459 1749 alio
483 1685 645 1768 appellant
665 1685 825 1750 codicem.

371 1789 435 1852 Sed
465 1807 525 1870 age
555 1803 674 1870 operae
703 1786 841 1870 pretium
869 1799 917 1853 est
944 1789 1160 1875 fragmentum
1195 1788 1299 1873 ipsum

201 1883 204 1888 ’
307 1889 617 1976 quantulumcunque
639 1900 704 1968 est,
734 1901 837 1954 totum
855 1891 1032 1958 lectoribus
1057 1892 1234 1967 exhibere3
1254 1891 1298 1955 ita

308 2004 343 2057 ut
364 2011 434 2058 mea
453 1990 551 2056 editio
574 1991 674 2056 instar
696 1991 819 2058 codicis
840 1993 901 2058 sit:
937 1998 1026 2081 quod
1048 2017 1119 2059 non·
1135 1994 1296 2078 ingratum

267 2168 269 2174 s
307 2095 489 2180 philologis
510 2095 585 2160 fore
606 2107 703 2179 puto,
726 2106 791 2158 tum
814 2094 976 2182 quianon
999 2097 1103 2162 omnis
1124 2097 1295 2161 lectionum

308 2197 377 2264 eius
398 2199 535 2263 varietas
557 2201 597 2262 ab
619 2187 758 2283 antiquis
783 2195 905 2262 criticis
923 2194 1084 2281 patefacta
1098 2196 1179 2273 fuit;
1203 2197 1291 2260 immo

308 2301 469 2366 interdum
491 2300 607 2384 potius.
621 2321 791 2386 perversa:
814 2312 881 2363 tum
899 2299 974 2386 qnia
990 2322 1100 2383 parem
1115 2299 1285 2366 Pithoeano

310 2404 420 2469 codici
441 2403 590 2468 laciniam
610 2419 809 2489 cognoscere
837 2403 1009 2467 iucundum
1028 2414 1096 2480 est3
1132 2413 1204 2466 tum
1227 2401 1291 2489 qnia

309 2507 446 2594 deniqne
470 2510 613 2570 chartam
636 2506 761 2590 oppido
786 2508 919 2570 brevem
939 2505 973 2568 in
993 2505 1080 2570 libro
1102 2519 1175 2571 meo
1201 2528 1294 2570 occu·

306 2610 414 2694 pabit.
460 2610 516 2674 Sic
535 2631 638 2693 nuper
657 2609 691 2676 in
712 2607 820 2692 primo
838 2607 1047 2672 classicorum
1063 2606 1295 2673 Vaticanornm

311 2705 472 2776 volumine
481 2711 691 2776 Salustianum
706 2716 746 2776 de
760 2708 874 2776 codice
888 2711 965 2786 item
980 2709 1164 2776 Christinae
1176 2713 1295 2775 Suecae

203 2851 206 2866 ·
309 2817 523 2901 fragmentum
557 2813 722 2898 prompsi,
750 2817 849 2900 'quod
871 2823 971 2900 aeque
999 2813 1034 2877 in
1070 2812 1177 2877 Gallia
1213 2815 1295 2896 apud

311 2921 445 2986 Petrum
462 2915 629 2983 Danielem
645 2915 721 2981 olim
732 2917 858 2992 fue-rat3
881 2915 994 2982 deinde
1009 2915 1076 2980 eins
1096 2918 1297 2979 membranae

310 3043 353 3087 ex
386 3019 489 3087 oculis
519 3017 682 3083 hominnm
715 3012 927 3084 evanueranta
969 3041 1128 3105 quumque
1160 3017 1296 3102 pessime

310 3127 463 3189 hactenus
480 3121 592 3187 fnisset
610 3121 743 3200 editum,
777 3142 865 3186 ame
888 3126 1012 3186 demum
1029 3122 1063 3186 in
1084 3121 1225 3184 nativam
1246 3143 1297 3184 sa-

310 3227 440 3292 nitatem
461 3236 649 3293 revocatum
670 3236 730 3291 est.
774 3224 839 3294 Sed
859 3228 900 3290 ad
921 3225 1065 3292 Phaedri
1081 3225 1297 3310 fragmentum

311 3351 485 3395 veniamus.
