2788 4772
124 478 249 542 Arcem
271 485 422 558 tyrannus
445 475 581 558 occrrp'at
604 473 820 548 Pisistratus·

126 581 235 668 Quum
257 580 381 642 tristem
403 579 587 644 servitutem
608 579 725 642 flerent
748 576 865 651 Attici(

124 683 217 763 (Non
240 682 313 766 quia
336 683 471 747 crudelis
492 682 567 760 iile,
592 681 819 766 sedquoniam
842 699 941 762 grave

124 786 231 850 Omne
253 785 385 848 insuie'tis
408 789 504 864 onus)
527 797 558 848 et
579 785 759 868 coepissent
782 783 889 866 queri,

124 893 281 972 Aesopus
302 892 398 953 talem
419 901 484 952 tum
506 889 654 952 fabellam
677 886 813 981 rettulit.

169 995 280 1057 Ranae
301 1005 456 1077 vagantes
478 992 586 1055 liberis
609 990 778 1073 paludibus

125 1093 281 1161 Clamore
303 1117 419 1180 magno
440 1116 549 1180 regem
571 1093 691 1177 petiere
715 1115 732 1154 a
754 1095 854 1169 Iove,

125 1199 193 1280 Qui
215 1199 386 1262 dissolutos
409 1220 514 1263 mores
536 1198 569 1262 vi
591 1209 820 1279 compesceret.

124 1303 227 1366 Pater
249 1305 382 1365 deorum
404 1301 472 1366 risit
495 1313 590 1387 atque
612 1301 673 1364 iliis
696 1300 782 1366 dedit

123 1405 269 1468 Parvum
291 1403 446 1488 tigillum,
469 1404 597 1467 missum
620 1407 708 1487 quod
730 1402 836 1467 subito
859 1401 933 1465 vadi

123 1507 225 1571 Motu
247 1527 393 1592 sonoque
415 1507 529 1572 terruit
549 1508 700 1589 pavidum
724 1528 838 1591 genus.

124 1611 203 1673 Hoc
224 1631 361 1673 mersum
383 1609 460 1674 limo
479 1630 580 1694 quum
600 1609 719 1674 iaceret
741 1609 876 1684 diutius,

124 1714 227 1778 Forte
249 1733 310 1776 una
332 1712 425 1776 tacite
447 1711 613 1795 proferte
635 1724 752 1798 stagno
775 1721 870 1794 caput

125 1817 171 1879 Et
193 1816 362 1898 explorato
384 1837 463 1901 rege
484 1826 614 1880 cunctas
637 1828 764 1882 evocat.

123 1919 205 1983 Illae
226 1919 342 1982 timore
363 1919 472 2001 posito
494 1919 640 1984 certatim
664 1923 812 1984 adnatant

124 2020 330 2106 Lignumque
351 2042 448 2106 supra
469 2024 563 2086 turba
584 2022 729 2105 petulans
750 2022 866 2087 insilit:

127 2124 224 2204 Quod
246 2145 342 2209 quum
363 2124 579 2210 inquinassent
602 2125 688 2190 ornni
711 2127 920 2200 contumelia,

125 2227 233 2290 Alium
255 2238 408 2312 rogantes
429 2249 540 2312 regern
562 2231 677 2292 misere
699 2232 739 2292 ad
759 2232 890 2304 Iovem;

124 2330 248 2394 inutilis
270 2331 420 2413 quoniam
442 2342 524 2394 esset
546 2331 601 2416 qui
621 2332 726 2396 fuerat
747 2336 850 2394 datus.

124 2435 210 2496 Tum
233 2433 317 2496 misit
337 2433 400 2497 iliis
421 2435 577 2515 hydrum,
601 2436 657 2518 qui
679 2438 772 2498 dente
794 2456 909 2517 aspero

125 2533 302 2620 Corripere
325 2537 432 2620 eoepit
451 2537 612 2622 singulas:
633 2539 753 2602 frustra
775 2559 883 2604 necem
1088 2539 1128 2604 25

123 2757 219 2803 insueti
232 2771 311 2803 sonus
321 2771 331 2804 .·
359 2771 419 2816 quae
447 2759 517 2804 tectio
539 2761 562 2804 in
585 2759 663 2806 Codd.
681 2760 743 2804 Mas.
766 2765 867 2805 testante
895 2759 992 2812 Gudio,
1021 2765 1046 2804 at
1063 2767 1128 2806 certe

124 2843 173 2872 non
191 2829 214 2872 iu
242 2828 303 2872 Cod.
329 2827 524 2872 itosanboniauo.
548 2829 642 2885 (Fuisse
670 2831 763 2878 videtur
782 2831 805 2874 in
830 2830 901 2876 Rern.
929 2829 988 2884 On.)
1016 2831 1130 2876 Ceterum

124 2898 229 2954 perieris
247 2897 360 2942 momenti
383 2903 419 2942 est
439 2899 464 2942 in
484 2889 546 2944 cod.
564 2900 633 2943 huius
652 2901 736 2944 aetatis
765 2901 886 2947 distinctio
903 2899 1015 2944 vocum!
1050 2901 1127 2944 Bsuc.

124 2965 211 3025 (ibid.)
229 2967 309 3022 „Cod
328 2969 432 3023 primum
450 2981 512 3012 onus
531 2981 564 3022 e;
586 2971 670 3014 deinde
698 2975 834 3014 correctum
851 2983 915 3014 onae
944 2977 981 3014 eet
999 2976 1039 3025 et,
1067 2972 1129 3015 tinea

124 3039 236 3092 imposita
263 3039 287 3082 in
311 3051 338 3090 e,
364 3042 389 3082 nt
410 3037 516 3082 librariis
537 3053 590 3083 mos
615 3045 671 3094 est,
701 3041 838 3096 adiectaque
860 3054 919 3084 voce
940 3046 972 3085 et.
1013 3041 1128 3087 Pithoeus

125 3107 213 3152 omittit
227 3113 273 3151 ast.
311 3107 399 3151 Totum
418 3109 498 3151 iocum
519 3109 551 3153 ita
569 3111 719 3154 emendatum
737 3123 751 3152 a
769 3109 907 3153 Burmauno
927 3111 1024 3166 (imino,
1057 3112 1128 3156 Hein-

124 3179 171 3224 sio.
197 3174 258 3235 Os.)
275 3179 367 3232 recepit
385 3177 499 3222 Schwabe
521 3180 553 3223 V.
576 3179 615 3230 Gi.
639 3189 678 3224 mo
695 3179 811 3237 quonium
829 3192 906 3239 graue
925 3179 1003 3224 Omne
1022 3181 1147 3246 incitetis!

124 3260 189 3292 unua
202 3253 226 3292 et
236 3261 259 3291 c.
274 3248 319 3306 q.'’
337 3247 415 3292 Banu.
452 3248 504 3291 iioc
514 3262 558 3293 nos
571 3261 664 3306 quoque
679 3250 850 3304 praetulimus:
870 3250 913 3293 iun
931 3252 954 3293 in
976 3265 1000 3294 r.
1021 3250 1128 3295 Omnino

125 3323 162 3362 est
187 3332 199 3361 e
223 3318 382 3376 geminatione
410 3317 456 3360 litt.
482 3317 532 3362 trs.
570 3316 653 3373 (thid.)
680 3316 762 3377 queri]
793 3319 897 3373 „Primo
927 3321 1020 3365 sotum:
1047 3331 1127 3380 qusr3

123 3389 206 3432 deiude
233 3388 381 3432 correctione
405 3387 523 3432 adiectum
547 3387 582 3442 ιζ’)
616 3388 693 3432 Banu.
738 3387 790 3443 (11)
814 3387 922 3448 petiere]
947 3391 1014 3444 „P.:
1032 3397 1126 3447 petere.

122 3455 211 3500 Postea
230 3463 379 3502 correctum:
396 3456 520 3512 petiere.’'
537 3457 615 3501 Bene.
653 3455 708 3514 (12)
727 3456 760 3518 ei]
779 3473 803 3514 p.
823 3460 849 3505 S.
870 3485 902 3493 —
922 3466 948 3504 ut
966 3459 995 3503 P.
1014 3461 1043 3503 R.
1068 3464 1127 3502 teste

124 3527 201 3573 Gudio
220 3539 274 3584 pag.
296 3525 352 3572 23.
385 3523 439 3584 (14)
467 3521 535 3585 rodi]
555 3528 585 3572 P.
605 3527 635 3572 R.
653 3529 679 3573 S.
700 3553 732 3562 -
751 3527 822 3574 vadia
841 3543 864 3585 p.
885 3531 946 3575 Zeti.
974 3555 1006 3562 -
1030 3520 1125 3572 levi'A.

122 3593 179 3654 (16)
197 3595 348 3655 incerat11’.
368 3597 398 3642 R.
418 3611 443 3653 p.
464 3621 496 3631 -
515 3597 624 3640 lateret:
654 3599 761 3652 ‚Metius
783 3600 898 3644 Schwabe
916 3600 951 3642 vir
971 3600 1126 3654 praestantis·

122 3665 222 3711 simns.”
239 3666 316 3714 Baro.
354 3665 380 3710 iu
400 3672 481 3711 nostra
499 3668 606 3712 lectione.
623 3681 678 3712 seue
701 3683 874 3723 superuacanea
893 3671 939 3712 ista
962 3674 998 3712 est
1016 3670 1126 3712 emenda·

122 3736 165 3780 tio.
202 3735 288 3792 Utique
315 3739 431 3790 Anonrm.
452 3737 569 3782 Nitentii:
602 3735 703 3781 Mersus
721 3740 781 3783 limo
801 3753 874 3798 quum
892 3737 1125 3798 Interentdiutius;

122 3807 182 3850 nude
200 3807 295 3860 prodit:
324 3803 372 3850 Hic
390 3820 488 3851 mersae
512 3808 530 3852 l.
557 3823 580 3867 q.
600 3807 708 3853 laterent
724 3807 749 3853 d.
775 3811 812 3853 vei
834 3808 971 3852 Immensae
989 3813 1056 3865 cet.;
1081 3809 1125 3851 hoc

121 3889 175 3920 culn
195 3875 273 3920 Bouti.
311 3873 365 3930 (17)
395 3874 479 3934 tacite]
507 3879 609 3932 „Prima
637 3880 708 3923 lectio
734 3885 826 3934 tacete,
859 3880 1008 3923 correctione
1036 3879 1124 3922 facta.''

121 3947 199 3990 Bere.
248 3942 303 4004 (18)
333 3969 365 3978 -—
396 3943 509 4004 aduocat]
540 3947 571 3994 Α.
619 3944 672 4004 (20)
702 3947 793 4008 supra]
822 3963 844 4004 p.
874 3951 899 3993 S.
932 3973 964 3982 -—
995 3963 1070 4007 super
1093 3949 1122 3993 P.

123 4011 175 4076 (26)
187 4011 296 4076 fugiunt
313 4029 337 4074 g.
374 4015 401 4062 tu
419 4015 492 4074 Ber-g.
515 4017 560 4067 Ed.
581 4020 631 4062 siue
650 4020 697 4082 uita
713 4020 863 4066 annotatione
885 4024 920 4064 est
930 4015 1049 4080 fugitant
1067 4019 1124 4074 (sic-
