2768 4750
308 365 368 431 aaa
421 313 425 323 ¹

303 501 471 590 pervenit,
495 511 659 586 acceptum
680 499 772 576 ier03
795 495 963 563 miraberis
985 495 1111 582 quidem
1141 497 1297 582 antiquita·

301 619 386 686 tem,
410 607 467 672 sed
487 605 612 676 videbis
633 602 834 688 turpissimos
856 623 1003 678 errores,
1027 602 1125 668 immo
1147 621 1242 684 saepe
1258 613 1299 664 ta·

302 710 366 792 les,
388 708 422 774 in
445 706 743 796 quibnssolvendis
764 727 829 772 non
851 727 963 788 parum
985 703 1164 769 laborabis.
1223 704 1301 770 Seri·

301 824 377 900 ptus
396 812 452 877 ille
470 819 535 876 nob
557 811 649 875 litera
670 812 807 876 rotunda
824 807 985 874 monachis
1008 807 1141 884 usitata,
1165 829 1227 894 qua
1250 829 1301 873 co·

302 916 388 982 dices
411 914 463 979 alii
484 913 691 997 manuscripti
706 913 849 977 minimae
870 911 1062 997 antiquitatis
1077 923 1150 975 sunt
1166 910 1299 984 exarati3

301 1041 367 1085 non
397 1017 668 1103 Longobardica,
705 1037 768 1102 qua
796 1013 847 1079 alii
881 1015 1002 1079 mediae
1031 1014 1219 1090 vetustatis,
1252 1015 1304 1076 sed

300 1121 393 1187 litera
414 1121 579 1197 Romana,
604 1141 698 1205 quam
720 1119 887 1202 capitalem
909 1129 1046 1192 vocant,
1072 1118 1243 1180 multorum
1258 1138 1303 1180 se·

303 1226 448 1289 culorum
467 1223 624 1306 'praefert
652 1221 888 1286 anctoritatem.
944 1219 1062 1303 Scripti
1093 1220 1125 1283 in
1157 1241 1197 1284 eo
1233 1231 1302 1282 sunt

303 1349 415 1394 versus
436 1313 502 1391 non
524 1325 736 1401 coniunctim,
769 1327 825 1388 sed
848 1323 1031 1406 dispersim,
1070 1324 1167 1386 etita
1191 1335 1225 1386 ut
1244 1323 1304 1386 sin·

302 1430 386 1517 gulis
407 1427 534 1516 paginis
563 1427 711 1514 quaterni
737 1427 840 1491 ferme
869 1440 921 1490 aut
944 1427 1031 1511 quini
1051 1437 1173 1489 tantum
1195 1425 1302 1489 inscri-

299 1535 471 1598 berentur:
496 1553 576 1618 quse
590 1531 654 1595 fuit
676 1530 822 1607 occasio,
846 1541 881 1594 ut
897 1540 1021 1612 postea,
1040 1551 1134 1614 quum
1153 1529 1215 1592 iam
1232 1551 1302 1591 usus

183 1691 186 1702 .
301 1647 334 1700 et
365 1633 509 1722 cognitio
538 1634 703 1699 literarum
737 1636 963 1719 quadratorum
987 1632 1203 1709 exolevisset,
1229 1633 1302 1695 alius

301 1737 458 1823 quispiam
480 1736 585 1821 spatio
608 1749 741 1801 vacante
764 1739 892 1800 eosdem
915 1757 1028 1798 versus
1051 1735 1134 1797 nulla
1159 1735 1304 1798 mutatio·

301 1861 343 1906 ne
364 1841 463 1908 literis
485 1841 722 1906 monachalibus
746 1838 965 1920 descripserit.
1019 1840 1084 1901 ch
1110 1839 1204 1901 etiam
1232 1859 1306 1902 con·

301 1944 390 2008 tioua
413 1944 512 2008 series
533 1941 706 2027 imaginum
726 1943 902 2005 intertexto
922 1943 1047 2023 dirupta
1065 1941 1247 2006 traiectioni
1261 1943 1305 2004 lo·

301 2069 374 2113 cum
397 2047 502 2124 dedit,
527 2067 619 2132 quam
642 2045 675 2108 in
696 2043 780 2108 notis
799 2042 916 2108 nostris
944 2043 1163 2114 indicabimus.
1207 2045 1306 2108 Irnmo

302 2150 415 2227 etiam,
452 2169 548 2235 quum
578 2147 610 2212 in
642 2139 785 2213 Geminis
811 2158 843 2210 et
872 2146 1001 2212 Cancro
1029 2144 1139 2210 fabula
1168 2149 1304 2222 deesset,

302 2251 449 2318 homines
474 2250 588 2316 insulsi
616 2271 684 2316 eam
710 2273 751 2314 ex
778 2249 906 2314 Avieno
930 2249 1154 2334 emendicatam
1178 2253 1308 2314 Germa-

302 2355 378 2422 nico
411 2350 629 2430 inseruerunt,
668 2375 709 2418 ne
741 2353 818 2438 quid
850 2354 973 2416 deesset
1001 2353 1039 2416 ad
1062 2364 1234 2417 extremam
1257 2357 1307 2416 de·

304 2458 469 2526 mantiam.
525 2459 577 2522 lta
605 2457 652 2522 illi
668 2454 696 2535 ,‘
713 2459 786 2520 dnm
808 2455 1001 2540 imaginibus
1027 2455 1092 2519 suis
1117 2457 1303 2532 consulunt,

303 2565 474 2628 adctorem·
492 2571 765 2626 conservaverunt
786 2558 930 2644 quidem,
955 2561 1010 2622 sed
1031 2563 1073 2623 ita
1088 2559 1302 2642 perdiderunt,

303 2676 339 2730 nt
354 2664 405 2729 sui
422 2662 533 2728 similis
549 2685 612 2728 non
629 2674 725 2728 esset.
769 2665 840 2728 Nos
854 2662 961 2748 itaque
977 2684 1018 2726 ex
1033 2662 1223 2727 editionibus
1238 2663 1303 2726 vul·

304 2765 386 2854 gatis
413 2777 446 2831 et
464 2765 679 2848 manuscripto
702 2786 794 2850 unam
816 2765 1038 2831 concinnantes
1057 2765 1241 2843 editionem,
1274 2764 1303 2828 in

304 2869 441 2956 singulis
456 2869 601 2934 versibus
616 2890 685 2932 eam
704 2868 874 2934 lectionem
889 2870 988 2933 secuti
1002 2891 1124 2946 sumus,
1149 2889 1230 2954 quae
1251 2891 1303 2932 ve-

304 2972 375 3039 rior
400 2985 433 3038 et
453 2972 653 3038 commodior
675 2971 741 3036 visa
753 2995 766 3042 a,
786 2972 956 3058 aliquando
983 2993 1078 3057 quum
1100 2984 1212 3036 neuma
1233 2993 1303 3036 vera

305 3088 409 3155 esset,
446 3076 631 3140 alterutram
660 3075 832 3162 elegimus,
861 3077 894 3138 in
916 3075 1002 3140 notis
1022 3076 1139 3141 nostris
1163 3075 1301 3141 lectionis

303 3179 474 3245 veritatem
492 3190 547 3242 ant
561 3201 601 3243 ex
623 3179 792 3264 utriusque
807 3177 1036 3243 commixtione
1053 3191 1108 3242 aut
1120 3202 1171 3243 ex
1191 3191 1299 3245 nostro

304 3280 424 3347 indlcio
442 3281 612 3364 prolaturi.
655 3284 780 3346 Versus
801 3281 982 3365 superfluos
1004 3281 1215 3359 resecuimns3
1237 3305 1302 3358 eos,

305 3383 362 3472 qui
376 3386 531 3462 deessent,
547 3384 776 3463 substituimus,
800 3389 856 3450 sed
870 3407 933 3451 non
945 3397 1095 3449 eatamen
1110 3386 1249 3463 audacia,
1272 3399 1302 3450 ut

304 3485 400 3552 nobis
420 3485 453 3550 in
480 3487 626 3552 omnibns
652 3489 741 3555 credi
768 3489 980 3573 postulemus.
1025 3489 1134 3571 Quare
1156 3490 1187 3554 in
1217 3502 1302 3555 notas

306 3601 437 3656 nostras
453 3610 578 3654 omnem
591 3591 763 3656 lectionum
779 3591 962 3658 varietatem
977 3593 1161 3667 retulimns;
1185 3596 1303 3657 eadem·

308 3695 372 3778 que
387 3693 534 3758 de'causa
548 3694 650 3760 nullas
666 3707 720 3759 aut
733 3695 935 3779 paucissimas
951 3693 1067 3780 easque
1079 3695 1266 3762 certissimas
1273 3696 1302 3760 in

308 3805 430 3862 textum
442 3796 629 3879 retulimus,
652 3801 710 3864 sed
722 3801 764 3864 ad
778 3810 870 3865 notas
885 3799 1119 3867 reservavimus
1133 3812 1197 3867 cet.
