2796 4746
471 857 578 946 PU
612 857 651 945 B
682 859 723 945 L
753 857 830 948 ΙΙ
902 861 936 949 S
966 863 1010 948 Y
1043 865 1081 950 R
1111 863 1134 949 1

358 1051 501 1120 cono.
526 997 830 1121 assanensis
851 1057 914 1120 ns
938 1057 1233 1124 suutceusts.

361 1461 468 1542 Quum
483 1459 609 1546 aliquot
628 1473 700 1526 aute
726 1461 816 1526 annis
839 1459 1141 1526 desideratissimum
1159 1461 1290 1525 fratrem

297 1563 475 1648 patruelem
497 1562 531 1627 in
560 1567 758 1630 emendando
783 1577 879 1651 atque
903 1565 1146 1648 interpretando
1173 1566 1290 1629 Publio

297 1667 384 1748 Syro
404 1665 614 1745 adiuvissem,
637 1689 739 1744 nunc,
769 1693 865 1754 quum
890 1668 923 1732 in
947 1672 1029 1733 duos
1051 1667 1118 1733 eius
1140 1667 1291 1756 antiquis·

297 1769 399 1836 simos
416 1769 549 1836 codices
571 1771 725 1836 anemine
746 1770 837 1853 prius
852 1791 1007 1836 excussos
1023 1793 1099 1836 casu
1114 1771 1290 1845 inciderim,

229 1889 231 1908 ³
289 1875 352 1938 laac
370 1873 541 1940 occasione
560 1875 743 1939 Phaedrum
761 1873 1006 1960 redintegrandi
1022 1875 1130 1940 oblata
1143 1878 1184 1938 ad
1204 1874 1290 1938 illum

294 2000 424 2065 quoque
459 1975 584 2041 reverti
615 1976 755 2060 placuit,
791 1989 827 2042 nt
848 1990 880 2042 et
900 1990 971 2042 tota
997 1977 1082 2043 ratio
1113 1978 1289 2053 librorum,

295 2079 351 2168 qui
369 2079 437 2145 eius
458 2078 628 2144 sententias
651 2080 746 2146 nobis
769 2093 956 2158 servarunt,
985 2080 1103 2145 clarius
1126 2083 1291 2164 perspice-

295 2197 408 2261 retur,
443 2191 556 2248 vei-sus
575 2185 680 2249 adhuc
705 2183 926 2259 delitescentes
943 2196 1188 2267 promerentur,
1228 2184 1291 2250 loci
1393 2249 1394 2260 ,

293 2286 440 2354 nonnulli
474 2286 735 2383 corrigerentur.
780 2288 820 2351 ld
848 2298 952 2350 autem
981 2287 1148 2371 inprimis
1169 2311 1286 2352 memo·
1393 2353 1394 2358 ,

293 2390 397 2456 rabile
419 2402 483 2468 est,
520 2389 553 2454 in
586 2390 674 2456 cot.
702 2389 818 2455 Turic.
846 2389 1017 2477 plerasque
1047 2390 1221 2456 sententias
1248 2393 1287 2455 ita
1393 2463 1394 2486 χ

292 2493 504 2577 interpolatas
511 2516 579 2559 esse
591 2505 686 2578 atque
697 2492 877 2580 inquinatas
887 2495 991 2559 omnis
1004 2497 1131 2580 generis
1146 2495 1287 2580 ineptiis,
1393 2537 1394 2562 i

293 2609 329 2662 ut
340 2595 500 2662 Monachi
516 2595 693 2662 Christiani
700 2596 1010 2683 pravumingeniuru
1023 2597 1056 2661 in
1067 2597 1107 2662 iis
1120 2600 1287 2688 manifesto
1393 2591 1394 2608 ¹

292 2723 464 2788 agnoscas.
510 2699 564 2764 Sic
582 2699 776 2782 planissimis
796 2722 890 2784 saepe
907 2725 945 2764 ae
964 2701 1196 2766 venustissimis
1212 2707 1287 2767 bar·
1393 2723 1394 2800 t

291 2808 387 2882 bara,
425 2803 538 2879 stulta,
574 2802 668 2866 etiam
689 2803 805 2889 quavis
825 2804 992 2886 probabili
1014 2805 1171 2870 sententia
1190 2804 1286 2870 desti·
1393 2809 1394 2814 ’

294 2906 571 2979 tutasubstituere
585 2905 640 2970 illa
657 2906 745 2972 natio
767 2911 915 2972 audebat.
938 2911 1042 2983 Idem,
1069 2921 1103 2971 ut
1130 2908 1210 2973 alibi
1234 2913 1287 2973 de-

292 3011 489 3088 monstravi,
515 3009 632 3075 accidit
643 3010 676 3074 in
693 3009 793 3075 Tullii
807 3017 960 3080 Oratore.
995 3010 1216 3076 Nihilominus
1232 3011 1285 3076 hic

290 3115 361 3198 ipse
377 3115 496 3180 Codex
525 3114 669 3179 servavit
698 3113 834 3200 triginta
864 3114 997 3179 circiter
1019 3113 1190 3179 sententias
1212 3127 1283 3179 ante

289 3218 432 3303 ignotas.
451 3253 488 3266 -
499 3217 587 3283 Cod.
598 3216 838 3302 Frisingeusem
847 3215 1018 3300 descripsit
1029 3218 1059 3281 Ι.
1071 3217 1112 3282 C.
1122 3241 1156 3282 v.
1166 3217 1282 3284 Aretin

290 3321 531 3404 chtrttgezur
545 3321 821 3387 demutemus.
836 3342 874 3382 tr.
902 3337 931 3401 9.
942 3321 1057 3384 Stttert.
1078 3321 1282 3403 September.

290 3419 464 3486 Mttncltert
488 3421 582 3482 1806.
605 3441 684 3502 pag.
709 3420 782 3482 257.
872 3495 879 3508 ·

357 3524 401 3587 0.
425 3557 463 3590 =
484 3524 537 3588 Io.
563 3523 734 3587 Conradus
758 3521 913 3588 Orellius,

355 3628 397 3689 Β.
421 3649 459 3684 =
480 3627 601 3690 Bothe.
