<?xml version="1.0" encoding="UTF-8"?>
<!DOCTYPE html PUBLIC "-//W3C//DTD XHTML 1.0 Transitional//EN"
    "http://www.w3.org/TR/xhtml1/DTD/xhtml1-transitional.dtd">
<html xmlns="http://www.w3.org/1999/xhtml" xml:lang="en" lang="en">
 <head>
  <title>
</title>
<meta http-equiv="Content-Type" content="text/html;charset=utf-8" />
  <meta name='ocr-system' content='tesseract 3.04.00' />
  <meta name='ocr-capabilities' content='ocr_page ocr_carea ocr_par ocr_line ocrx_word'/>
</head>
<body>
  <div class='ocr_page' id='page_1' title='image "./fabulaesopiae00phaegoog_0034.png"; bbox 0 0 2788 4772; ppageno 0'>
   <div class='ocr_carea' id='block_1_1' title="bbox 1109 351 1149 416">
    <p class='ocr_par' dir='ltr' id='par_1_1' title="bbox 1109 351 1149 416">
     <span class='ocr_line' id='line_1_1' title="bbox 1109 351 1149 416; baseline 0.05 -2"><span class='ocrx_word' id='word_1_1' title='bbox 1109 351 1149 416; x_wconf 75' lang='lat' dir='ltr'><em>ib</em></span> 
     </span>
    </p>
   </div>
   <div class='ocr_carea' id='block_1_2' title="bbox 87 491 1257 1954">
    <p class='ocr_par' dir='ltr' id='par_1_2' title="bbox 148 491 1157 854">
     <span class='ocr_line' id='line_1_2' title="bbox 148 491 1154 563; baseline 0 -17"><span class='ocrx_word' id='word_1_2' title='bbox 148 513 203 563; x_wconf 80' lang='lat' dir='ltr'><em>ego</em></span> <span class='ocrx_word' id='word_1_3' title='bbox 227 492 359 546; x_wconf 75' lang='lat' dir='ltr'><em>adsertor</em></span> <span class='ocrx_word' id='word_1_4' title='bbox 377 511 411 546; x_wconf 89' lang='lat' dir='ltr'><em>ae</em></span> <span class='ocrx_word' id='word_1_5' title='bbox 437 492 544 546; x_wconf 79' lang='lat' dir='ltr'><em>vindere</em></span> <span class='ocrx_word' id='word_1_6' title='bbox 567 493 616 546; x_wconf 85' lang='lat' dir='ltr'><em>vel</em></span> <span class='ocrx_word' id='word_1_7' title='bbox 634 509 691 547; x_wconf 87' lang='lat' dir='ltr'><em>uon</em></span> <span class='ocrx_word' id='word_1_8' title='bbox 715 492 847 560; x_wconf 80' lang='lat' dir='ltr'><em>idoneus,</em></span> <span class='ocrx_word' id='word_1_9' title='bbox 880 497 939 546; x_wconf 84' lang='lat' dir='ltr'><em>eine</em></span> <span class='ocrx_word' id='word_1_10' title='bbox 966 491 1154 546; x_wconf 73' lang='lat' dir='ltr'><em>satisdatione</em></span> 
     </span>
     <span class='ocr_line' id='line_1_3' title="bbox 149 586 1155 658; baseline -0.003 -18"><span class='ocrx_word' id='word_1_11' title='bbox 149 596 246 640; x_wconf 84' lang='lat' dir='ltr'><em>tamen</em></span> <span class='ocrx_word' id='word_1_12' title='bbox 263 592 362 655; x_wconf 81' lang='lat' dir='ltr'><em>venio,</em></span> <span class='ocrx_word' id='word_1_13' title='bbox 381 595 409 640; x_wconf 89' lang='lat' dir='ltr'><em>et</em></span> <span class='ocrx_word' id='word_1_14' title='bbox 428 589 554 657; x_wconf 75' lang='lat' dir='ltr'><em>Augusti</em></span> <span class='ocrx_word' id='word_1_15' title='bbox 572 586 701 640; x_wconf 85' lang='lat' dir='ltr'><em>libertum</em></span> <span class='ocrx_word' id='word_1_16' title='bbox 719 588 767 639; x_wconf 77' lang='lat' dir='ltr'><em>vet</em></span> <span class='ocrx_word' id='word_1_17' title='bbox 784 587 945 640; x_wconf 82' lang='lat' dir='ltr'><em>libertinum</em></span> <span class='ocrx_word' id='word_1_18' title='bbox 960 593 1071 658; x_wconf 83' lang='lat' dir='ltr'><em>potius,</em></span> <span class='ocrx_word' id='word_1_19' title='bbox 1088 592 1155 658; x_wconf 89' lang='lat' dir='ltr'><em>pri-</em></span> 
     </span>
     <span class='ocr_line' id='line_1_4' title="bbox 150 680 1155 753; baseline -0.003 -19"><span class='ocrx_word' id='word_1_20' title='bbox 150 691 238 734; x_wconf 84' lang='lat' dir='ltr'><em>vatus</em></span> <span class='ocrx_word' id='word_1_21' title='bbox 249 681 300 734; x_wconf 81' lang='lat' dir='ltr'><em>leae</em></span> <span class='ocrx_word' id='word_1_22' title='bbox 318 687 405 732; x_wconf 89' lang='lat' dir='ltr'><em>etiam</em></span> <span class='ocrx_word' id='word_1_23' title='bbox 414 689 498 751; x_wconf 88' lang='lat' dir='ltr'><em>parte</em></span> <span class='ocrx_word' id='word_1_24' title='bbox 516 681 673 734; x_wconf 86' lang='lat' dir='ltr'><em>testabilem</em></span> <span class='ocrx_word' id='word_1_25' title='bbox 686 681 839 753; x_wconf 85' lang='lat' dir='ltr'><em>publieique</em></span> <span class='ocrx_word' id='word_1_26' title='bbox 856 686 927 733; x_wconf 85' lang='lat' dir='ltr'><em>iuris</em></span> <span class='ocrx_word' id='word_1_27' title='bbox 937 680 1042 753; x_wconf 83' lang='lat' dir='ltr'><em>sario:</em></span> <span class='ocrx_word' id='word_1_28' title='bbox 1063 691 1094 732; x_wconf 88' lang='lat' dir='ltr'><em>tu</em></span> <span class='ocrx_word' id='word_1_29' title='bbox 1113 681 1155 732; x_wconf 88' lang='lat' dir='ltr'><em>illi</em></span> 
     </span>
     <span class='ocr_line' id='line_1_5' title="bbox 152 773 1157 854; baseline 0.001 -28"><span class='ocrx_word' id='word_1_30' title='bbox 152 776 233 826; x_wconf 84' lang='lat' dir='ltr'><em>adsis</em></span> <span class='ocrx_word' id='word_1_31' title='bbox 257 794 291 828; x_wconf 87' lang='lat' dir='ltr'><em>ae</em></span> <span class='ocrx_word' id='word_1_32' title='bbox 307 773 421 846; x_wconf 83' lang='lat' dir='ltr'><em>faveas</em></span> <span class='ocrx_word' id='word_1_33' title='bbox 448 774 546 841; x_wconf 82' lang='lat' dir='ltr'><em>modo,</em></span> <span class='ocrx_word' id='word_1_34' title='bbox 577 781 623 848; x_wconf 79' lang='lat' dir='ltr'><em>qui</em></span> <span class='ocrx_word' id='word_1_35' title='bbox 642 784 671 826; x_wconf 88' lang='lat' dir='ltr'><em>et</em></span> <span class='ocrx_word' id='word_1_36' title='bbox 687 780 806 846; x_wconf 80' lang='lat' dir='ltr'><em>poeticis</em></span> <span class='ocrx_word' id='word_1_37' title='bbox 824 775 1017 854; x_wconf 79' lang='lat' dir='ltr'><em>voluptatibus</em></span> <span class='ocrx_word' id='word_1_38' title='bbox 1036 794 1118 826; x_wconf 88' lang='lat' dir='ltr'><em>aures</em></span> <span class='ocrx_word' id='word_1_39' title='bbox 1138 796 1157 827; x_wconf 86' lang='lat' dir='ltr'><em>a</em></span> 
     </span>
    </p>

    <p class='ocr_par' dir='ltr' id='par_1_3' title="bbox 87 866 1159 1313">
     <span class='ocr_line' id='line_1_6' title="bbox 87 866 1157 942; baseline 0 -21"><span class='ocrx_word' id='word_1_40' title='bbox 87 917 93 938; x_wconf 38' lang='grc' dir='ltr'><em>Ι</em></span> <span class='ocrx_word' id='word_1_41' title='bbox 142 867 262 940; x_wconf 83' lang='lat' dir='ltr'><em>forensi</em></span> <span class='ocrx_word' id='word_1_42' title='bbox 285 875 440 940; x_wconf 79' lang='lat' dir='ltr'><em>asperitate</em></span> <span class='ocrx_word' id='word_1_43' title='bbox 466 875 608 940; x_wconf 90' lang='lat' dir='ltr'><em>respirare</em></span> <span class='ocrx_word' id='word_1_44' title='bbox 634 888 690 921; x_wconf 83' lang='lat' dir='ltr'><em>nou</em></span> <span class='ocrx_word' id='word_1_45' title='bbox 718 878 855 938; x_wconf 79' lang='lat' dir='ltr'><em>ignoras,</em></span> <span class='ocrx_word' id='word_1_46' title='bbox 890 879 917 921; x_wconf 89' lang='lat' dir='ltr'><em>et</em></span> <span class='ocrx_word' id='word_1_47' title='bbox 945 869 996 920; x_wconf 83' lang='lat' dir='ltr'><em>leoe</em></span> <span class='ocrx_word' id='word_1_48' title='bbox 1019 866 1157 942; x_wconf 74' lang='lat' dir='ltr'><em>figmenti</em></span> 
     </span>
     <span class='ocr_line' id='line_1_7' title="bbox 154 959 1159 1034; baseline 0.001 -21"><span class='ocrx_word' id='word_1_49' title='bbox 154 981 243 1032; x_wconf 76' lang='lat' dir='ltr'><em>genus</em></span> <span class='ocrx_word' id='word_1_50' title='bbox 262 982 280 1014; x_wconf 87' lang='lat' dir='ltr'><em>a</em></span> <span class='ocrx_word' id='word_1_51' title='bbox 303 967 366 1016; x_wconf 83' lang='lat' dir='ltr'><em>veri</em></span> <span class='ocrx_word' id='word_1_52' title='bbox 387 959 599 1034; x_wconf 78' lang='lat' dir='ltr'><em>professoribus</em></span> <span class='ocrx_word' id='word_1_53' title='bbox 618 981 702 1034; x_wconf 83' lang='lat' dir='ltr'><em>usque</em></span> <span class='ocrx_word' id='word_1_54' title='bbox 724 963 794 1015; x_wconf 83' lang='lat' dir='ltr'><em>adeo</em></span> <span class='ocrx_word' id='word_1_55' title='bbox 816 981 873 1015; x_wconf 84' lang='lat' dir='ltr'><em>non</em></span> <span class='ocrx_word' id='word_1_56' title='bbox 892 981 952 1015; x_wconf 89' lang='lat' dir='ltr'><em>esse</em></span> <span class='ocrx_word' id='word_1_57' title='bbox 971 965 1102 1029; x_wconf 80' lang='lat' dir='ltr'><em>alienum,</em></span> <span class='ocrx_word' id='word_1_58' title='bbox 1126 972 1159 1014; x_wconf 89' lang='lat' dir='ltr'><em>ut</em></span> 
     </span>
     <span class='ocr_line' id='line_1_8' title="bbox 151 1055 1159 1134; baseline 0 -26"><span class='ocrx_word' id='word_1_59' title='bbox 151 1075 169 1107; x_wconf 86' lang='lat' dir='ltr'><em>a</em></span> <span class='ocrx_word' id='word_1_60' title='bbox 191 1057 307 1108; x_wconf 88' lang='lat' dir='ltr'><em>Socrate</em></span> <span class='ocrx_word' id='word_1_61' title='bbox 331 1061 392 1123; x_wconf 86' lang='lat' dir='ltr'><em>ipso</em></span> <span class='ocrx_word' id='word_1_62' title='bbox 420 1057 525 1128; x_wconf 78' lang='lat' dir='ltr'><em>Aesopi</em></span> <span class='ocrx_word' id='word_1_63' title='bbox 546 1058 653 1134; x_wconf 63' lang='grc' dir='ltr'><strong><em>λόγους</em></strong></span> <span class='ocrx_word' id='word_1_64' title='bbox 678 1057 805 1110; x_wconf 86' lang='lat' dir='ltr'><em>versibus</em></span> <span class='ocrx_word' id='word_1_65' title='bbox 832 1055 958 1109; x_wconf 81' lang='lat' dir='ltr'><em>redditos¹</em></span> <span class='ocrx_word' id='word_1_66' title='bbox 980 1057 1065 1110; x_wconf 86' lang='lat' dir='ltr'><em>Cebes</em></span> <span class='ocrx_word' id='word_1_67' title='bbox 1083 1057 1159 1130; x_wconf 84' lang='lat' dir='ltr'><em>apud</em></span> 
     </span>
     <span class='ocr_line' id='line_1_9' title="bbox 151 1149 1157 1222; baseline 0.002 -20"><span class='ocrx_word' id='word_1_68' title='bbox 151 1149 296 1203; x_wconf 85' lang='lat' dir='ltr'><em>Platonem</em></span> <span class='ocrx_word' id='word_1_69' title='bbox 318 1155 349 1201; x_wconf 87' lang='lat' dir='ltr'><em>ire</em></span> <span class='ocrx_word' id='word_1_70' title='bbox 367 1168 399 1202; x_wconf 89' lang='lat' dir='ltr'><em>os</em></span> <span class='ocrx_word' id='word_1_71' title='bbox 416 1150 587 1204; x_wconf 81' lang='lat' dir='ltr'><em>laudaverit.</em></span> <span class='ocrx_word' id='word_1_72' title='bbox 626 1151 725 1220; x_wconf 83' lang='lat' dir='ltr'><em>Have,</em></span> <span class='ocrx_word' id='word_1_73' title='bbox 744 1157 783 1204; x_wconf 87' lang='lat' dir='ltr'><em>mi</em></span> <span class='ocrx_word' id='word_1_74' title='bbox 786 1149 909 1222; x_wconf 84' lang='lat' dir='ltr'><em>frater,</em></span> <span class='ocrx_word' id='word_1_75' title='bbox 930 1161 959 1204; x_wconf 92' lang='lat' dir='ltr'><em>et</em></span> <span class='ocrx_word' id='word_1_76' title='bbox 977 1158 1052 1206; x_wconf 83' lang='lat' dir='ltr'><em>iuter</em></span> <span class='ocrx_word' id='word_1_77' title='bbox 1072 1153 1157 1204; x_wconf 86' lang='lat' dir='ltr'><em>istam</em></span> 
     </span>
     <span class='ocr_line' id='line_1_10' title="bbox 149 1239 630 1313; baseline 0.008 -19"><span class='ocrx_word' id='word_1_78' title='bbox 149 1244 290 1313; x_wconf 84' lang='lat' dir='ltr'><em>publicam</em></span> <span class='ocrx_word' id='word_1_79' title='bbox 309 1244 381 1313; x_wconf 83' lang='lat' dir='ltr'><em>luem</em></span> <span class='ocrx_word' id='word_1_80' title='bbox 399 1245 478 1296; x_wconf 82' lang='lat' dir='ltr'><em>salve</em></span> <span class='ocrx_word' id='word_1_81' title='bbox 500 1263 534 1296; x_wconf 86' lang='lat' dir='ltr'><em>ae</em></span> <span class='ocrx_word' id='word_1_82' title='bbox 555 1239 630 1298; x_wconf 84' lang='lat' dir='ltr'><em>vale.</em></span> 
     </span>
    </p>

    <p class='ocr_par' dir='ltr' id='par_1_4' title="bbox 151 1337 1257 1488">
     <span class='ocr_line' id='line_1_11' title="bbox 192 1337 1257 1409; baseline 0.001 -18"><span class='ocrx_word' id='word_1_83' title='bbox 192 1337 361 1392; x_wconf 71' lang='lat' dir='ltr'><em>¹Tre&#39;eassib.</em></span> <span class='ocrx_word' id='word_1_84' title='bbox 387 1337 427 1392; x_wconf 82' lang='lat' dir='ltr'><em>X.</em></span> <span class='ocrx_word' id='word_1_85' title='bbox 454 1337 513 1391; x_wconf 84' lang='lat' dir='ltr'><em>KL.</em></span> <span class='ocrx_word' id='word_1_86' title='bbox 540 1338 716 1408; x_wconf 84' lang='lat' dir='ltr'><em>Septembres</em></span> <span class='ocrx_word' id='word_1_87' title='bbox 741 1337 799 1391; x_wconf 87' lang='lat' dir='ltr'><em>reb.</em></span> <span class='ocrx_word' id='word_1_88' title='bbox 820 1337 961 1409; x_wconf 82' lang='lat' dir='ltr'><em>prolatis,</em></span> <span class='ocrx_word' id='word_1_89' title='bbox 981 1355 1048 1395; x_wconf 80' lang='lat' dir='ltr'><em>ann.</em></span> <span class='ocrx_word' id='word_1_90' title='bbox 1087 1341 1156 1407; x_wconf 66' lang='grc' dir='ltr'><em>ω.</em></span> <span class='ocrx_word' id='word_1_91' title='bbox 1254 1339 1257 1343; x_wconf 75' lang='grc'><strong>’</strong></span> 
     </span>
     <span class='ocr_line' id='line_1_12' title="bbox 151 1430 329 1488; baseline 0.006 -5"><span class='ocrx_word' id='word_1_92' title='bbox 151 1430 203 1488; x_wconf 83' lang='grc'><em>10.</em></span> <span class='ocrx_word' id='word_1_93' title='bbox 223 1431 329 1488; x_wconf 83' lang='lat' dir='ltr'><em>XCVI.</em></span> 
     </span>
    </p>

    <p class='ocr_par' dir='ltr' id='par_1_5' title="bbox 148 1523 1157 1954">
     <span class='ocr_line' id='line_1_13' title="bbox 209 1523 1156 1600; baseline 0.006 -22"><span class='ocrx_word' id='word_1_94' title='bbox 209 1531 290 1600; x_wconf 82' lang='lat' dir='ltr'><em>(pag.</em></span> <span class='ocrx_word' id='word_1_95' title='bbox 311 1523 429 1598; x_wconf 80' lang='lat'><em>67-69,)</em></span> <span class='ocrx_word' id='word_1_96' title='bbox 449 1525 481 1581; x_wconf 89' lang='lat' dir='ltr'><em>V</em></span> <span class='ocrx_word' id='word_1_97' title='bbox 477 1525 562 1581; x_wconf 78' lang='lat' dir='ltr'><em>EI&#39;V</em></span> <span class='ocrx_word' id='word_1_98' title='bbox 558 1525 668 1578; x_wconf 85' lang='lat' dir='ltr'><em>STISS.</em></span> <span class='ocrx_word' id='word_1_99' title='bbox 682 1525 836 1579; x_wconf 86' lang='lat' dir='ltr'><em>CODICIS</em></span> <span class='ocrx_word' id='word_1_100' title='bbox 848 1525 1012 1582; x_wconf 81' lang='lat' dir='ltr'><em>SCRIPTV</em></span> <span class='ocrx_word' id='word_1_101' title='bbox 1009 1526 1071 1582; x_wconf 74' lang='lat' dir='ltr'><em>EA.</em></span> <span class='ocrx_word' id='word_1_102' title='bbox 1080 1527 1156 1600; x_wconf 81' lang='lat' dir='ltr'><em>(non</em></span> 
     </span>
     <span class='ocr_line' id='line_1_14' title="bbox 151 1615 1155 1694; baseline 0.002 -20"><span class='ocrx_word' id='word_1_103' title='bbox 151 1629 252 1674; x_wconf 84' lang='lat' dir='ltr'><em>tamen</em></span> <span class='ocrx_word' id='word_1_104' title='bbox 272 1621 416 1694; x_wconf 79' lang='lat' dir='ltr'><em>integra.)</em></span> <span class='ocrx_word' id='word_1_105' title='bbox 453 1618 490 1676; x_wconf 91' lang='lat' dir='ltr'><em>In</em></span> <span class='ocrx_word' id='word_1_106' title='bbox 509 1615 585 1676; x_wconf 71' lang='lat' dir='ltr'><em>fines</em></span> <span class='ocrx_word' id='word_1_107' title='bbox 606 1636 692 1670; x_wconf 84' lang='lat' dir='ltr'><em>versu</em></span> <span class='ocrx_word' id='word_1_108' title='bbox 710 1621 807 1672; x_wconf 67' lang='lat' dir='ltr'><em>melma</em></span> <span class='ocrx_word' id='word_1_109' title='bbox 826 1619 951 1689; x_wconf 71' lang='lat' dir='ltr'><em>Fruar,</em></span> <span class='ocrx_word' id='word_1_110' title='bbox 968 1628 1010 1674; x_wconf 80' lang='lat' dir='ltr'><em>sie</em></span> <span class='ocrx_word' id='word_1_111' title='bbox 1030 1630 1090 1677; x_wconf 88' lang='lat' dir='ltr'><em>vet.</em></span> <span class='ocrx_word' id='word_1_112' title='bbox 1110 1642 1155 1676; x_wconf 78' lang='lat' dir='ltr'><em>ee.</em></span> 
     </span>
     <span class='ocr_line' id='line_1_15' title="bbox 154 1711 1157 1788; baseline 0.004 -22"><span class='ocrx_word' id='word_1_113' title='bbox 154 1713 218 1766; x_wconf 85' lang='lat' dir='ltr'><em>Cat.</em></span> <span class='ocrx_word' id='word_1_114' title='bbox 238 1711 329 1786; x_wconf 88' lang='lat' dir='ltr'><em>(uon,</em></span> <span class='ocrx_word' id='word_1_115' title='bbox 351 1723 385 1767; x_wconf 88' lang='lat' dir='ltr'><em>nt</em></span> <span class='ocrx_word' id='word_1_116' title='bbox 404 1711 496 1768; x_wconf 82' lang='lat' dir='ltr'><em>refert</em></span> <span class='ocrx_word' id='word_1_117' title='bbox 515 1711 647 1788; x_wconf 88' lang='lat' dir='ltr'><em>Berger:</em></span> <span class='ocrx_word' id='word_1_118' title='bbox 668 1720 725 1765; x_wconf 84' lang='lat' dir='ltr'><em>oet.</em></span> <span class='ocrx_word' id='word_1_119' title='bbox 746 1732 781 1765; x_wconf 79' lang='lat' dir='ltr'><em>ea</em></span> <span class='ocrx_word' id='word_1_120' title='bbox 798 1714 875 1781; x_wconf 85' lang='lat' dir='ltr'><em>Cat.)</em></span> <span class='ocrx_word' id='word_1_121' title='bbox 894 1720 924 1766; x_wconf 85' lang='lat' dir='ltr'><em>ire</em></span> <span class='ocrx_word' id='word_1_122' title='bbox 938 1733 990 1784; x_wconf 73' lang='lat' dir='ltr'><em>quo</em></span> <span class='ocrx_word' id='word_1_123' title='bbox 1006 1725 1073 1787; x_wconf 85' lang='lat' dir='ltr'><em>post</em></span> <span class='ocrx_word' id='word_1_124' title='bbox 1086 1714 1157 1770; x_wconf 80' lang='lat' dir='ltr'><em>lane</em></span> 
     </span>
     <span class='ocr_line' id='line_1_16' title="bbox 148 1805 1156 1882; baseline 0.004 -25"><span class='ocrx_word' id='word_1_125' title='bbox 148 1815 324 1880; x_wconf 86' lang='lat' dir='ltr'><em>postremam</em></span> <span class='ocrx_word' id='word_1_126' title='bbox 349 1807 450 1858; x_wconf 84' lang='lat' dir='ltr'><em>lineam</em></span> <span class='ocrx_word' id='word_1_127' title='bbox 476 1805 592 1858; x_wconf 82' lang='lat' dir='ltr'><em>abscissi</em></span> <span class='ocrx_word' id='word_1_128' title='bbox 619 1812 760 1878; x_wconf 81' lang='lat' dir='ltr'><em>sequentis</em></span> <span class='ocrx_word' id='word_1_129' title='bbox 780 1813 910 1878; x_wconf 74' lang='lat' dir='ltr'><em>proxime</em></span> <span class='ocrx_word' id='word_1_130' title='bbox 928 1807 1003 1882; x_wconf 80' lang='lat' dir='ltr'><em>solii</em></span> <span class='ocrx_word' id='word_1_131' title='bbox 1030 1815 1156 1878; x_wconf 75' lang='lat' dir='ltr'><em>uestigia</em></span> 
     </span>
     <span class='ocr_line' id='line_1_17' title="bbox 153 1908 264 1954; baseline 0.027 -4"><span class='ocrx_word' id='word_1_132' title='bbox 153 1908 264 1954; x_wconf 77' lang='lat' dir='ltr'><em>extaret.</em></span> 
     </span>
    </p>
   </div>
   <div class='ocr_carea' id='block_1_3' title="bbox 99 2031 1295 4078">
    <p class='ocr_par' dir='ltr' id='par_1_6' title="bbox 153 2031 1157 2423">
     <span class='ocr_line' id='line_1_18' title="bbox 217 2031 1157 2118; baseline 0.004 -24"><span class='ocrx_word' id='word_1_133' title='bbox 217 2031 284 2094; x_wconf 87' lang='lat' dir='ltr'><em>Iam</em></span> <span class='ocrx_word' id='word_1_134' title='bbox 309 2052 404 2114; x_wconf 64' lang='lat' dir='ltr'><em>quirun</em></span> <span class='ocrx_word' id='word_1_135' title='bbox 428 2053 518 2096; x_wconf 85' lang='lat' dir='ltr'><em>nemo</em></span> <span class='ocrx_word' id='word_1_136' title='bbox 542 2035 662 2108; x_wconf 85' lang='lat' dir='ltr'><em>adhue,</em></span> <span class='ocrx_word' id='word_1_137' title='bbox 698 2055 737 2096; x_wconf 89' lang='lat' dir='ltr'><em>ne</em></span> <span class='ocrx_word' id='word_1_138' title='bbox 759 2035 885 2118; x_wconf 82' lang='lat' dir='ltr'><em>Berger</em></span> <span class='ocrx_word' id='word_1_139' title='bbox 908 2033 1053 2118; x_wconf 86' lang='lat' dir='ltr'><em>quidem,</em></span> <span class='ocrx_word' id='word_1_140' title='bbox 1087 2056 1157 2098; x_wconf 77' lang='lat' dir='ltr'><em>onr-</em></span> 
     </span>
     <span class='ocr_line' id='line_1_19' title="bbox 155 2134 1154 2218; baseline 0.004 -22"><span class='ocrx_word' id='word_1_141' title='bbox 155 2154 225 2197; x_wconf 86' lang='lat' dir='ltr'><em>uem</em></span> <span class='ocrx_word' id='word_1_142' title='bbox 248 2134 415 2198; x_wconf 84' lang='lat' dir='ltr'><em>lectionem</em></span> <span class='ocrx_word' id='word_1_143' title='bbox 439 2137 503 2198; x_wconf 91' lang='lat' dir='ltr'><em>Ed.</em></span> <span class='ocrx_word' id='word_1_144' title='bbox 526 2136 678 2218; x_wconf 84' lang='lat' dir='ltr'><em>principis</em></span> <span class='ocrx_word' id='word_1_145' title='bbox 701 2149 878 2213; x_wconf 79' lang='lat' dir='ltr'><em>enatasset,</em></span> <span class='ocrx_word' id='word_1_146' title='bbox 910 2139 1011 2212; x_wconf 89' lang='lat' dir='ltr'><em>unde,</em></span> <span class='ocrx_word' id='word_1_147' title='bbox 1038 2149 1072 2200; x_wconf 89' lang='lat' dir='ltr'><em>ut</em></span> <span class='ocrx_word' id='word_1_148' title='bbox 1100 2138 1154 2213; x_wconf 86' lang='lat' dir='ltr'><em>lit,</em></span> 
     </span>
     <span class='ocr_line' id='line_1_20' title="bbox 154 2237 1157 2322; baseline 0.005 -24"><span class='ocrx_word' id='word_1_149' title='bbox 154 2237 330 2318; x_wconf 83' lang='lat' dir='ltr'><em>permultae</em></span> <span class='ocrx_word' id='word_1_150' title='bbox 352 2237 563 2302; x_wconf 77' lang='lat' dir='ltr'><em>dubitationes</em></span> <span class='ocrx_word' id='word_1_151' title='bbox 585 2241 623 2300; x_wconf 93' lang='lat' dir='ltr'><em>de</em></span> <span class='ocrx_word' id='word_1_152' title='bbox 646 2260 708 2313; x_wconf 88' lang='lat' dir='ltr'><em>eo,</em></span> <span class='ocrx_word' id='word_1_153' title='bbox 734 2243 820 2322; x_wconf 86' lang='lat' dir='ltr'><em>quod</em></span> <span class='ocrx_word' id='word_1_154' title='bbox 842 2261 878 2302; x_wconf 90' lang='lat' dir='ltr'><em>re</em></span> <span class='ocrx_word' id='word_1_155' title='bbox 901 2259 976 2302; x_wconf 88' lang='lat' dir='ltr'><em>vera</em></span> <span class='ocrx_word' id='word_1_156' title='bbox 999 2239 1157 2304; x_wconf 77' lang='lat' dir='ltr'><em>Pithoeus</em></span> 
     </span>
     <span class='ocr_line' id='line_1_21' title="bbox 153 2339 1157 2423; baseline 0.004 -23"><span class='ocrx_word' id='word_1_157' title='bbox 153 2339 207 2402; x_wconf 86' lang='lat' dir='ltr'><em>vel</em></span> <span class='ocrx_word' id='word_1_158' title='bbox 236 2341 431 2402; x_wconf 78' lang='lat' dir='ltr'><em>emendasset</em></span> <span class='ocrx_word' id='word_1_159' title='bbox 461 2341 512 2402; x_wconf 85' lang='lat' dir='ltr'><em>vel</em></span> <span class='ocrx_word' id='word_1_160' title='bbox 541 2339 634 2404; x_wconf 81' lang='lat' dir='ltr'><em>etiarn</em></span> <span class='ocrx_word' id='word_1_161' title='bbox 664 2342 886 2422; x_wconf 79' lang='lat' dir='ltr'><em>corrupisset,</em></span> <span class='ocrx_word' id='word_1_162' title='bbox 933 2351 1026 2423; x_wconf 86' lang='lat' dir='ltr'><em>atque</em></span> <span class='ocrx_word' id='word_1_163' title='bbox 1056 2343 1157 2406; x_wconf 87' lang='lat' dir='ltr'><em>omnis</em></span> 
     </span>
    </p>

    <p class='ocr_par' dir='ltr' id='par_1_7' title="bbox 99 2441 1295 4078">
     <span class='ocr_line' id='line_1_22' title="bbox 99 2441 1156 2528; baseline 0.002 -24"><span class='ocrx_word' id='word_1_164' title='bbox 99 2515 104 2522; x_wconf 23' lang='grc' dir='ltr'>ι</span> <span class='ocrx_word' id='word_1_165' title='bbox 154 2441 282 2525; x_wconf 85' lang='lat' dir='ltr'><em>generis</em></span> <span class='ocrx_word' id='word_1_166' title='bbox 305 2461 433 2504; x_wconf 87' lang='lat' dir='ltr'><em>errores</em></span> <span class='ocrx_word' id='word_1_167' title='bbox 448 2443 512 2504; x_wconf 89' lang='lat' dir='ltr'><em>orti</em></span> <span class='ocrx_word' id='word_1_168' title='bbox 527 2455 635 2518; x_wconf 88' lang='lat' dir='ltr'><em>crant,</em></span> <span class='ocrx_word' id='word_1_169' title='bbox 660 2443 737 2506; x_wconf 89' lang='lat' dir='ltr'><em>nihil</em></span> <span class='ocrx_word' id='word_1_170' title='bbox 753 2443 908 2526; x_wconf 84' lang='lat' dir='ltr'><em>antiquius</em></span> <span class='ocrx_word' id='word_1_171' title='bbox 924 2445 1038 2520; x_wconf 86' lang='lat' dir='ltr'><em>habui,</em></span> <span class='ocrx_word' id='word_1_172' title='bbox 1065 2466 1156 2528; x_wconf 83' lang='lat' dir='ltr'><em>qnam</em></span> 
     </span>
     <span class='ocr_line' id='line_1_23' title="bbox 154 2545 1158 2626; baseline 0.004 -19"><span class='ocrx_word' id='word_1_173' title='bbox 154 2555 190 2608; x_wconf 86' lang='lat' dir='ltr'><em>ut</em></span> <span class='ocrx_word' id='word_1_174' title='bbox 211 2545 321 2608; x_wconf 87' lang='lat' dir='ltr'><em>sedulo</em></span> <span class='ocrx_word' id='word_1_175' title='bbox 344 2565 403 2625; x_wconf 90' lang='lat' dir='ltr'><em>per</em></span> <span class='ocrx_word' id='word_1_176' title='bbox 424 2555 526 2608; x_wconf 89' lang='lat' dir='ltr'><em>totum</em></span> <span class='ocrx_word' id='word_1_177' title='bbox 554 2545 702 2610; x_wconf 82' lang='lat' dir='ltr'><em>editionis</em></span> <span class='ocrx_word' id='word_1_178' title='bbox 724 2558 847 2626; x_wconf 86' lang='lat' dir='ltr'><em>tempus</em></span> <span class='ocrx_word' id='word_1_179' title='bbox 870 2557 1053 2610; x_wconf 80' lang='lat' dir='ltr'><em>excuterem</em></span> <span class='ocrx_word' id='word_1_180' title='bbox 1076 2547 1158 2610; x_wconf 89' lang='lat' dir='ltr'><em>Ber·</em></span> 
     </span>
     <span class='ocr_line' id='line_1_24' title="bbox 153 2647 1222 2732; baseline 0.004 -24"><span class='ocrx_word' id='word_1_181' title='bbox 153 2667 249 2708; x_wconf 84' lang='lat' dir='ltr'><em>nense</em></span> <span class='ocrx_word' id='word_1_182' title='bbox 273 2647 436 2728; x_wconf 84' lang='lat' dir='ltr'><em>exemplar</em></span> <span class='ocrx_word' id='word_1_183' title='bbox 465 2667 482 2708; x_wconf 89' lang='lat' dir='ltr'><em>a</em></span> <span class='ocrx_word' id='word_1_184' title='bbox 512 2649 615 2730; x_wconf 88' lang='lat' dir='ltr'><em>capite</em></span> <span class='ocrx_word' id='word_1_185' title='bbox 639 2651 677 2710; x_wconf 87' lang='lat' dir='ltr'><em>ad</em></span> <span class='ocrx_word' id='word_1_186' title='bbox 698 2648 815 2712; x_wconf 85' lang='lat' dir='ltr'><em>calcem</em></span> <span class='ocrx_word' id='word_1_187' title='bbox 839 2670 856 2710; x_wconf 89' lang='lat' dir='ltr'><em>a</em></span> <span class='ocrx_word' id='word_1_188' title='bbox 879 2649 1062 2732; x_wconf 85' lang='lat' dir='ltr'><em>Bongarsio</em></span> <span class='ocrx_word' id='word_1_189' title='bbox 1087 2671 1157 2712; x_wconf 89' lang='lat' dir='ltr'><em>cum</em></span> <span class='ocrx_word' id='word_1_190' title='bbox 1219 2719 1222 2730; x_wconf 30' lang='lat'>¹</span> 
     </span>
     <span class='ocr_line' id='line_1_25' title="bbox 152 2747 1158 2831; baseline 0.002 -17"><span class='ocrx_word' id='word_1_191' title='bbox 152 2749 227 2831; x_wconf 89' lang='lat' dir='ltr'><em>ipso</em></span> <span class='ocrx_word' id='word_1_192' title='bbox 256 2747 341 2814; x_wconf 86' lang='lat' dir='ltr'><em>Cod.</em></span> <span class='ocrx_word' id='word_1_193' title='bbox 373 2749 554 2816; x_wconf 86' lang='lat' dir='ltr'><em>Pithoeano</em></span> <span class='ocrx_word' id='word_1_194' title='bbox 584 2751 753 2826; x_wconf 86' lang='lat' dir='ltr'><em>collatum,</em></span> <span class='ocrx_word' id='word_1_195' title='bbox 789 2750 879 2814; x_wconf 74' lang='lat' dir='ltr'><em>cuim</em></span> <span class='ocrx_word' id='word_1_196' title='bbox 909 2751 1053 2816; x_wconf 82' lang='lat' dir='ltr'><em>varietati</em></span> <span class='ocrx_word' id='word_1_197' title='bbox 1082 2751 1158 2816; x_wconf 84' lang='lat' dir='ltr'><em>satis</em></span> 
     </span>
     <span class='ocr_line' id='line_1_26' title="bbox 154 2852 1158 2938; baseline 0.002 -22"><span class='ocrx_word' id='word_1_198' title='bbox 154 2864 303 2916; x_wconf 78' lang='lat' dir='ltr'><em>accinate</em></span> <span class='ocrx_word' id='word_1_199' title='bbox 326 2862 471 2918; x_wconf 77' lang='lat' dir='ltr'><em>enotatas</em></span> <span class='ocrx_word' id='word_1_200' title='bbox 493 2873 565 2916; x_wconf 89' lang='lat' dir='ltr'><em>suas</em></span> <span class='ocrx_word' id='word_1_201' title='bbox 595 2875 725 2937; x_wconf 88' lang='lat' dir='ltr'><em>quoqne</em></span> <span class='ocrx_word' id='word_1_202' title='bbox 747 2852 878 2914; x_wconf 86' lang='lat' dir='ltr'><em>inseruit</em></span> <span class='ocrx_word' id='word_1_203' title='bbox 907 2853 1028 2938; x_wconf 80' lang='lat' dir='ltr'><em>aliquot</em></span> <span class='ocrx_word' id='word_1_204' title='bbox 1050 2855 1158 2918; x_wconf 89' lang='lat' dir='ltr'><em>conie-</em></span> 
     </span>
     <span class='ocr_line' id='line_1_27' title="bbox 155 2954 1157 3035; baseline 0.005 -20"><span class='ocrx_word' id='word_1_205' title='bbox 155 2965 263 3016; x_wconf 79' lang='lat' dir='ltr'><em>cturas</em></span> <span class='ocrx_word' id='word_1_206' title='bbox 278 2964 308 3018; x_wconf 88' lang='lat' dir='ltr'><em>et</em></span> <span class='ocrx_word' id='word_1_207' title='bbox 323 2954 541 3035; x_wconf 81' lang='lat' dir='ltr'><em>suspiciones,</em></span> <span class='ocrx_word' id='word_1_208' title='bbox 566 2976 650 3018; x_wconf 87' lang='lat' dir='ltr'><em>nnnc</em></span> <span class='ocrx_word' id='word_1_209' title='bbox 665 2959 788 3020; x_wconf 85' lang='lat' dir='ltr'><em>demum</em></span> <span class='ocrx_word' id='word_1_210' title='bbox 804 2955 964 3020; x_wconf 84' lang='lat' dir='ltr'><em>inventori</em></span> <span class='ocrx_word' id='word_1_211' title='bbox 984 2957 1157 3022; x_wconf 88' lang='lat' dir='ltr'><em>restitutas.</em></span> 
     </span>
     <span class='ocr_line' id='line_1_28' title="bbox 155 3035 1295 3140; baseline 0.003 -20"><span class='ocrx_word' id='word_1_212' title='bbox 155 3057 336 3140; x_wconf 86' lang='lat' dir='ltr'><em>Pleraeque</em></span> <span class='ocrx_word' id='word_1_213' title='bbox 359 3055 506 3124; x_wconf 88' lang='lat' dir='ltr'><em>videlicet</em></span> <span class='ocrx_word' id='word_1_214' title='bbox 527 3057 586 3120; x_wconf 83' lang='lat' dir='ltr'><em>ia&#39;m</em></span> <span class='ocrx_word' id='word_1_215' title='bbox 609 3070 704 3121; x_wconf 88' lang='lat' dir='ltr'><em>notae</em></span> <span class='ocrx_word' id='word_1_216' title='bbox 726 3070 834 3134; x_wconf 88' lang='lat' dir='ltr'><em>erant,</em></span> <span class='ocrx_word' id='word_1_217' title='bbox 867 3062 924 3122; x_wconf 87' lang='lat' dir='ltr'><em>sed</em></span> <span class='ocrx_word' id='word_1_218' title='bbox 946 3060 1013 3123; x_wconf 90' lang='lat' dir='ltr'><em>aliis</em></span> <span class='ocrx_word' id='word_1_219' title='bbox 1037 3061 1157 3123; x_wconf 88' lang='lat' dir='ltr'><em>tribue-</em></span> <span class='ocrx_word' id='word_1_220' title='bbox 1260 3078 1266 3088; x_wconf 74' lang='lat'><em>¹</em></span> <span class='ocrx_word' id='word_1_221' title='bbox 1292 3035 1295 3054; x_wconf 47' lang='lat'>⁸</span> 
     </span>
     <span class='ocr_line' id='line_1_29' title="bbox 156 3158 1159 3243; baseline 0.004 -23"><span class='ocrx_word' id='word_1_222' title='bbox 156 3160 285 3222; x_wconf 86' lang='lat' dir='ltr'><em>bantur.</em></span> <span class='ocrx_word' id='word_1_223' title='bbox 329 3159 404 3222; x_wconf 86' lang='lat' dir='ltr'><em>Non</em></span> <span class='ocrx_word' id='word_1_224' title='bbox 428 3158 520 3220; x_wconf 87' lang='lat' dir='ltr'><em>alium</em></span> <span class='ocrx_word' id='word_1_225' title='bbox 544 3171 646 3222; x_wconf 85' lang='lat' dir='ltr'><em>autem</em></span> <span class='ocrx_word' id='word_1_226' title='bbox 669 3181 761 3243; x_wconf 87' lang='lat' dir='ltr'><em>quam</em></span> <span class='ocrx_word' id='word_1_227' title='bbox 779 3159 1071 3226; x_wconf 83' lang='lat' dir='ltr'><em>Cd..Pithoeanurn</em></span> <span class='ocrx_word' id='word_1_228' title='bbox 1094 3176 1159 3226; x_wconf 85' lang='lat' dir='ltr'><em>tra-</em></span> 
     </span>
     <span class='ocr_line' id='line_1_30' title="bbox 155 3261 1159 3350; baseline 0.004 -26"><span class='ocrx_word' id='word_1_229' title='bbox 155 3271 272 3324; x_wconf 87' lang='lat' dir='ltr'><em>ctatum</em></span> <span class='ocrx_word' id='word_1_230' title='bbox 290 3281 359 3324; x_wconf 88' lang='lat' dir='ltr'><em>esse</em></span> <span class='ocrx_word' id='word_1_231' title='bbox 382 3261 597 3345; x_wconf 87' lang='lat' dir='ltr'><em>aBoogarsio</em></span> <span class='ocrx_word' id='word_1_232' title='bbox 613 3283 677 3326; x_wconf 87' lang='lat' dir='ltr'><em>non</em></span> <span class='ocrx_word' id='word_1_233' title='bbox 693 3264 794 3326; x_wconf 86' lang='lat' dir='ltr'><em>solum</em></span> <span class='ocrx_word' id='word_1_234' title='bbox 811 3264 883 3328; x_wconf 90' lang='lat' dir='ltr'><em>inde</em></span> <span class='ocrx_word' id='word_1_235' title='bbox 898 3278 1046 3347; x_wconf 87' lang='lat' dir='ltr'><em>apparet,</em></span> <span class='ocrx_word' id='word_1_236' title='bbox 1072 3268 1159 3350; x_wconf 80' lang='lat' dir='ltr'><em>qrtod</em></span> 
     </span>
     <span class='ocr_line' id='line_1_31' title="bbox 155 3364 1202 3446; baseline 0.006 -21"><span class='ocrx_word' id='word_1_237' title='bbox 155 3374 284 3446; x_wconf 85' lang='lat' dir='ltr'><em>praeter</em></span> <span class='ocrx_word' id='word_1_238' title='bbox 314 3366 390 3425; x_wconf 88' lang='lat' dir='ltr'><em>duas</em></span> <span class='ocrx_word' id='word_1_239' title='bbox 420 3373 526 3426; x_wconf 87' lang='lat' dir='ltr'><em>tresve</em></span> <span class='ocrx_word' id='word_1_240' title='bbox 555 3364 729 3428; x_wconf 82' lang='lat' dir='ltr'><em>levissimas</em></span> <span class='ocrx_word' id='word_1_241' title='bbox 759 3365 929 3430; x_wconf 86' lang='lat' dir='ltr'><em>varietates</em></span> <span class='ocrx_word' id='word_1_242' title='bbox 956 3369 989 3430; x_wconf 91' lang='lat' dir='ltr'><em>in</em></span> <span class='ocrx_word' id='word_1_243' title='bbox 1012 3367 1157 3431; x_wconf 87' lang='lat' dir='ltr'><em>omnibus</em></span> <span class='ocrx_word' id='word_1_244' title='bbox 1200 3401 1202 3407; x_wconf 39' lang='lat' dir='ltr'>s</span> 
     </span>
     <span class='ocr_line' id='line_1_32' title="bbox 156 3453 1166 3552; baseline 0.004 -24"><span class='ocrx_word' id='word_1_245' title='bbox 156 3453 313 3530; x_wconf 83' lang='lat' dir='ltr'><em>consentit</em></span> <span class='ocrx_word' id='word_1_246' title='bbox 335 3466 401 3528; x_wconf 86' lang='lat' dir='ltr'><em>eins</em></span> <span class='ocrx_word' id='word_1_247' title='bbox 430 3465 561 3530; x_wconf 87' lang='lat' dir='ltr'><em>collatio</em></span> <span class='ocrx_word' id='word_1_248' title='bbox 584 3487 656 3529; x_wconf 88' lang='lat' dir='ltr'><em>cum</em></span> <span class='ocrx_word' id='word_1_249' title='bbox 678 3469 874 3552; x_wconf 85' lang='lat' dir='ltr'><em>Bergeriana</em></span> <span class='ocrx_word' id='word_1_250' title='bbox 907 3470 1037 3534; x_wconf 87' lang='lat' dir='ltr'><em>omnino</em></span> <span class='ocrx_word' id='word_1_251' title='bbox 1066 3492 1166 3532; x_wconf 88' lang='lat' dir='ltr'><em>accu-·</em></span> 
     </span>
     <span class='ocr_line' id='line_1_33' title="bbox 154 3569 1158 3654; baseline 0.005 -23"><span class='ocrx_word' id='word_1_252' title='bbox 154 3569 297 3646; x_wconf 89' lang='lat' dir='ltr'><em>ratiore,</em></span> <span class='ocrx_word' id='word_1_253' title='bbox 332 3571 387 3631; x_wconf 88' lang='lat' dir='ltr'><em>sed</em></span> <span class='ocrx_word' id='word_1_254' title='bbox 417 3589 457 3632; x_wconf 83' lang='lat' dir='ltr'><em>ex</em></span> <span class='ocrx_word' id='word_1_255' title='bbox 487 3589 527 3633; x_wconf 93' lang='lat' dir='ltr'><em>eo</em></span> <span class='ocrx_word' id='word_1_256' title='bbox 557 3569 710 3647; x_wconf 85' lang='lat' dir='ltr'><em>maxime,</em></span> <span class='ocrx_word' id='word_1_257' title='bbox 737 3574 823 3654; x_wconf 88' lang='lat' dir='ltr'><em>quod</em></span> <span class='ocrx_word' id='word_1_258' title='bbox 846 3572 877 3634; x_wconf 90' lang='lat' dir='ltr'><em>in</em></span> <span class='ocrx_word' id='word_1_259' title='bbox 898 3574 960 3636; x_wconf 86' lang='lat' dir='ltr'><em>fine</em></span> <span class='ocrx_word' id='word_1_260' title='bbox 982 3575 1061 3636; x_wconf 88' lang='lat' dir='ltr'><em>haee</em></span> <span class='ocrx_word' id='word_1_261' title='bbox 1082 3575 1158 3636; x_wconf 87' lang='lat' dir='ltr'><em>sub·</em></span> 
     </span>
     <span class='ocr_line' id='line_1_34' title="bbox 155 3668 1157 3755; baseline 0.004 -21"><span class='ocrx_word' id='word_1_262' title='bbox 155 3668 305 3753; x_wconf 80' lang='lat' dir='ltr'><em>scripsit:</em></span> <span class='ocrx_word' id='word_1_263' title='bbox 335 3671 521 3755; x_wconf 82' lang='lat' dir='ltr'><em>„Sequitur</em></span> <span class='ocrx_word' id='word_1_264' title='bbox 550 3672 639 3735; x_wconf 88' lang='lat' dir='ltr'><em>inv.</em></span> <span class='ocrx_word' id='word_1_265' title='bbox 662 3696 692 3735; x_wconf 88' lang='lat' dir='ltr'><em>c.</em></span> <span class='ocrx_word' id='word_1_266' title='bbox 716 3673 848 3738; x_wconf 82' lang='lat' dir='ltr'><em>libellus</em></span> <span class='ocrx_word' id='word_1_267' title='bbox 869 3676 911 3738; x_wconf 74' lang='lat' dir='ltr'><em>ele</em></span> <span class='ocrx_word' id='word_1_268' title='bbox 933 3676 1039 3738; x_wconf 87' lang='lat' dir='ltr'><em>variis</em></span> <span class='ocrx_word' id='word_1_269' title='bbox 1061 3696 1157 3738; x_wconf 88' lang='lat' dir='ltr'><em>mon·</em></span> 
     </span>
     <span class='ocr_line' id='line_1_35' title="bbox 155 3773 1156 3866; baseline 0.003 -29"><span class='ocrx_word' id='word_1_270' title='bbox 155 3773 239 3838; x_wconf 86' lang='lat' dir='ltr'><em>stris</em></span> <span class='ocrx_word' id='word_1_271' title='bbox 274 3794 315 3835; x_wconf 86' lang='lat' dir='ltr'><em>aa</em></span> <span class='ocrx_word' id='word_1_272' title='bbox 345 3774 515 3856; x_wconf 85' lang='lat' dir='ltr'><em>portentis</em></span> <span class='ocrx_word' id='word_1_273' title='bbox 548 3787 582 3838; x_wconf 87' lang='lat' dir='ltr'><em>et</em></span> <span class='ocrx_word' id='word_1_274' title='bbox 602 3773 747 3866; x_wconf 73' lang='lat' dir='ltr'><em>salietis</em></span> <span class='ocrx_word' id='word_1_275' title='bbox 770 3780 983 3840; x_wconf 84' lang='lat' dir='ltr'><em>Graecorum</em></span> <span class='ocrx_word' id='word_1_276' title='bbox 1015 3790 1049 3840; x_wconf 89' lang='lat' dir='ltr'><em>et</em></span> <span class='ocrx_word' id='word_1_277' title='bbox 1086 3777 1156 3840; x_wconf 84' lang='lat' dir='ltr'><em>al.&#39;’</em></span> 
     </span>
     <span class='ocr_line' id='line_1_36' title="bbox 156 3874 1157 3963; baseline 0.003 -24"><span class='ocrx_word' id='word_1_278' title='bbox 156 3877 293 3960; x_wconf 56' lang='lat' dir='ltr'><em>Magno*</em></span> <span class='ocrx_word' id='word_1_279' title='bbox 307 3874 485 3938; x_wconf 84' lang='lat' dir='ltr'><em>adiumento</em></span> <span class='ocrx_word' id='word_1_280' title='bbox 508 3891 611 3940; x_wconf 83' lang='lat' dir='ltr'><em>autem</em></span> <span class='ocrx_word' id='word_1_281' title='bbox 632 3879 892 3960; x_wconf 87' lang='lat' dir='ltr'><em>pretiosissimum</em></span> <span class='ocrx_word' id='word_1_282' title='bbox 915 3882 977 3941; x_wconf 91' lang='lat' dir='ltr'><em>hoc</em></span> <span class='ocrx_word' id='word_1_283' title='bbox 995 3881 1157 3963; x_wconf 86' lang='lat' dir='ltr'><em>exemplar</em></span> 
     </span>
     <span class='ocr_line' id='line_1_37' title="bbox 156 3977 1157 4078; baseline 0.006 -38"><span class='ocrx_word' id='word_1_284' title='bbox 156 3978 233 4046; x_wconf 83' lang='lat' dir='ltr'><em>mihi</em></span> <span class='ocrx_word' id='word_1_285' title='bbox 247 3977 307 4042; x_wconf 83' lang='lat' dir='ltr'><em>tuit</em></span> <span class='ocrx_word' id='word_1_286' title='bbox 321 3980 361 4046; x_wconf 84' lang='lat' dir='ltr'><em>ad</em></span> <span class='ocrx_word' id='word_1_287' title='bbox 383 3979 568 4078; x_wconf 72' lang='lat' dir='ltr'><em>opusculum</em></span> <span class='ocrx_word' id='word_1_288' title='bbox 591 4001 691 4044; x_wconf 89' lang='lat' dir='ltr'><em>meum</em></span> <span class='ocrx_word' id='word_1_289' title='bbox 717 4003 837 4046; x_wconf 83' lang='lat' dir='ltr'><em>cacum</em></span> <span class='ocrx_word' id='word_1_290' title='bbox 857 3982 1070 4062; x_wconf 82' lang='lat' dir='ltr'><em>accuratione,</em></span> <span class='ocrx_word' id='word_1_291' title='bbox 1095 4005 1157 4068; x_wconf 79' lang='lat' dir='ltr'><em>qna</em></span> 
     </span>
    </p>
   </div>
   <div class='ocr_carea' id='block_1_4' title="bbox 0 0 1403 4772">
    <p class='ocr_par' dir='ltr' id='par_1_8' title="bbox 0 0 1403 4772">
     <span class='ocr_line' id='line_1_38' title="bbox 0 0 1403 4772; baseline 0 0"><span class='ocrx_word' id='word_1_292' title='bbox 0 0 1403 4772; x_wconf 95' lang='lat' dir='ltr'><em> </em></span> 
     </span>
    </p>
   </div>
  </div>
 </body>
</html>
