2788 4772
102 475 187 539 Olim
212 496 307 556 qutun
331 474 508 555 adscriptus
531 474 652 536 venerit
672 495 798 556 poenae
820 476 899 540 dies.

100 580 164 640 Sed
187 599 228 640 no
250 576 334 661 ignis
356 590 466 640 noster
487 576 624 640 facinori
646 577 852 658 praeluceat,

98 681 167 744 Por
190 701 285 764 quem
308 683 466 744 verendos
489 681 607 744 excolit
627 680 728 762 pietas
750 681 844 756 deos,

97 785 188 847 Veto
212 804 282 846 esse
303 783 365 845 tale
388 782 511 845 luminis
534 780 772 846 commercium.

96 887 147 948 Ita
169 885 268 948 hodie
292 907 351 947 noc
371 886 532 949 lucernam
554 888 592 948 de
613 885 739 948 flamma
760 887 854 948 dellm

96 991 168 1051 Nee
192 991 232 1052 de
256 989 384 1052 lucerna
405 988 454 1052 sas
477 1000 526 1052 est
548 987 678 1052 accendi
700 1009 838 1052 sacrum.

139 1093 234 1170 Quot
255 1113 307 1153 res
330 1091 490 1155 contineat
511 1093 575 1156 hoc
597 1103 816 1174 argumentum
839 1093 955 1170 utiles,

98 1196 174 1258 Non
198 1193 376 1276 explicabit
397 1195 493 1269 alius,
518 1217 611 1278 quam
634 1193 688 1276 qui
708 1195 865 1276 repperit.
1067 1199 1106 1260 ts

98 1295 268 1380 Significat
289 1296 393 1377 primo
416 1319 532 1380 saepe,
557 1319 639 1381 quos
660 1279 729 1377 ipse
752 1297 885 1376 alueris,

99 1398 176 1462 Tibi
198 1398 336 1461 inveniri
359 1400 491 1462 maxime
515 1399 712 1473 contrariom

98 1505 249 1566 Secundo
273 1502 409 1565 ostendit
431 1504 551 1566 scelera
574 1525 638 1566 non
661 1502 707 1564 ira
730 1504 841 1580 dedm,

98 1605 255 1668 Fatorum
279 1604 365 1668 dicto
387 1607 443 1670 sed
464 1604 571 1687 puniri
592 1617 758 1685 tempores

98 1707 284 1771 Novissime
306 1706 482 1784 interdicit,
507 1703 547 1770 ne
570 1729 639 1770 cum
662 1707 807 1772 malefico
862 1769 863 1778 ,

99 1810 200 1873 Usum
224 1812 329 1873 bonus
351 1809 517 1892 consociet
537 1810 630 1873 ullius
653 1814 715 1873 rei.
746 1875 751 1884 ,

505 2029 603 2090 [san.
624 2031 705 2091 mu]

334 2178 495 2243 MALAS
518 2181 629 2243 ESSE
651 2179 878 2243 DIVITIAS.

143 2322 234 2402 Opes
254 2315 376 2383 invisae
399 2320 511 2383 merito
535 2333 606 2382 suut
623 2319 706 2382 'sorti
730 2317 819 2392 viro,

103 2422 184 2501 Quia
208 2422 298 2485 dives
322 2443 394 2484 arna
417 2444 523 2485 veram
547 2424 667 2485 laudem
690 2419 863 2503 intercipit.

143 2525 247 2588 Caelo
270 2537 418 2606 receptus
440 2537 574 2606 propter
598 2526 744 2587 virtutem
767 2526 925 2587 Hercules

103 2627 209 2704 Quum
233 2628 429 2712 gratulantes
450 2629 679 2709 persalutasset
701 2630 797 2702 deos,

101 2729 262 2793 Veniente
285 2732 403 2806 Pluto,
429 2731 483 2814 qui
506 2731 670 2812 Fortunae
693 2742 741 2793 est
764 2730 867 2804 filius,

74 2859 77 2867 ⁴
101 2831 230 2895 Avertit
253 2833 378 2896 oculos.
423 2831 559 2897 Causam
583 2832 739 2918 quaesivit
760 2845 865 2915 pater.
969 2847 972 2853 ⁴

105 2933 187 3011 Odi,
212 2935 334 3020 inquit,
358 2935 465 3011 illum,
490 2935 563 3018 quia
587 2936 675 2999 malis
699 2935 815 2998 amicus
837 2948 884 2998 est

106 3036 268 3122 Simulque
291 3037 419 3102 obiecto
442 3051 552 3100 cuncta
575 3038 752 3121 corrumpit
773 3039 879 3112 lucro.
939 3107 941 3110 ,

106 3294 233 3344 Pithoenm
259 3303 283 3343 et
301 3299 479 3357 Bongmsiuur,
508 3299 546 3356 qni
573 3312 618 3341 nou
641 3291 784 3353 'sirnptieitrr
805 3300 933 3354 exscripsit
955 3301 1111 3356 appendicem

105 3364 194 3421 Pith.,
220 3374 323 3422 notasse
348 3368 373 3413 h.
390 3370 406 3413 l.
426 3367 551 3412 colendos.
599 3367 690 3412 Contra
710 3369 768 3414 nihil
787 3370 902 3413 eiusmodi
926 3385 938 3414 c
960 3369 1029 3414 Rem.
1053 3369 1111 3412 affe·

106 3441 160 3480 runt
183 3438 247 3484 Gud.
276 3443 299 3482 et
325 3439 396 3482 Vinc.
434 3435 487 3493 (12)
505 3437 544 3482 Ita
567 3435 650 3496 todia]
669 3440 786 3498 Bongars.
806 3439 895 3498 Rigalt,
915 3439 961 3488 Ed.
986 3436 1010 3482 2.
1031 3439 1056 3484 S.
1076 3461 1110 3478 -ψ

105 3502 189 3565 Itaque
207 3505 280 3552 todia
296 3509 325 3552 P.
346 3508 377 3552 ll.
401 3521 425 3563 p.
475 3508 561 3563 (thid.)
579 3507 719 3562 latratuum]
737 3523 761 3563 p.
789 3509 815 3554 S.
836 3533 869 3550 -ι-
887 3511 992 3558 lucerna
1017 3507 1048 3556 Ρ.
1077 3507 1108 3550 ll.

106 3571 160 3628 (ll)
178 3574 245 3636 quot]
264 3591 287 3632 p.
309 3579 335 3622 s.
355 3600 384 3610 -
404 3577 469 3637 quod
487 3579 516 3622 Ρ.
536 3577 565 3620 tt.
602 3576 654 3631 (ts)
673 3576 797 3637 Secundo]
813 3580 901 3638 Rigalt,
922 3581 947 3624 S.
970 3602 1001 3611 -
1020 3591 1109 3622 secun.

105 3641 162 3688 dura
181 3647 211 3690 P.
232 3648 262 3692 ll.
286 3661 309 3702 p.
348 3648 461 3694 Ceterum
486 3648 595 3692 ordinem
613 3661 726 3692 versuum
744 3651 867 3702 constituit
881 3649 1011 3694 Pithoeus:
1033 3647 1059 3690 ln
1077 3645 1106 3693 P.

105 3711 134 3756 ll.
154 3723 190 3760 est
210 3718 335 3762 inversus:
367 3717 407 3763 19.
426 3715 545 3767 Fatorum
564 3741 597 3760 ‚—
619 3715 660 3762 ts.
680 3717 822 3766 Secundum
841 3743 850 3756 ·
870 3744 898 3764 -.
937 3715 976 3771 (21
999 3735 1032 3748 -
1047 3729 1108 3760 cou-

106 3784 177 3828 cutiet
194 3786 224 3830 P.
243 3800 267 3845 g.

155 3854 213 3900 Fra.
246 3857 305 3900 ΧΠ.
344 3853 380 3910 (3)
408 3881 440 3898 -.
465 3855 583 3900 Herculis
602 3857 631 3900 ll.
680 3853 718 3912 (5)
738 3855 855 3900 Veniente
874 3854 955 3913 Pluto]
975 3869 998 3908 p.
1019 3855 1045 3899 S.
1075 3879 1107 3898 -ι
1166 3870 1168 3874 ·

105 3925 210 4032 periente
235 3924 307 3972 Pluto
333 3927 364 3977 ll.
394 3925 431 3980 (nt
455 3928 548 3974 vitetur
575 3942 588 3976 e
617 3925 678 3972 Gud.
702 3932 725 3972 et
743 3927 827 3982 Vlnc.)
848 3925 931 3970 Nevel.
952 3947 981 3958 -·
1001 3925 1109 3970 cenanti

125 3991 204 4038 lutona
222 3994 252 4040 P.
