2768 4750
348 995 777 1074 PRAEFATIO.

116 1371 186 1434 Sex
224 1370 325 1434 adhuc
354 1370 530 1437 accuratius
564 1369 769 1436 innotuerunt
810 1370 917 1438 Codd.
948 1371 1064 1436 horum

49 1474 277 1539 Arateorumr
982 1531 985 1544 .

114 1577 147 1640 Ι.
173 1576 346 1650 Sosianus,
371 1598 437 1662 quo
462 1575 596 1640 Grotius
619 1598 693 1641 usus
716 1587 781 1654 etat,
812 1575 1063 1660 antiquissimus,

51 1679 153 1742 literis
185 1679 394 1762 capitalibus
418 1678 570 1762 scriptus.
628 1679 666 1744 lu
691 1682 803 1743 eudem
835 1679 956 1745 Codice
986 1679 1065 1743 alius

51 1781 234 1866 quispiam,
259 1802 324 1864 quio
352 1781 550 1845 commodius
579 1793 730 1846 tractaret
760 1783 873 1846 librum
898 1781 1067 1846 scholasti·

53 1906 147 1962 cum,
175 1882 363 1948 Germanici
373 1906 484 1949 versus
497 1883 595 1950 literis
618 1885 922 1960 „monachalibus”
947 1885 1067 1951 descri-

52 1999 183 2070 pserat,
211 1985 279 2051 sine
294 1981 356 2050 ulla
373 1987 564 2064 mutatione,
588 1987 690 2074 inquit
706 1990 859 2066 Grotius3
882 1990 924 2054 itu
941 2001 1063 2067 tamen,
1176 2029 1179 2036 ·

53 2102 86 2152 ut
105 2093 146 2184 ad
168 2113 203 2156 v.
235 2090 309 2155 tot.
332 2091 412 2154 haec
434 2090 612 2156 annotarit:
646 2092 819 2177 ..Quinque
847 2093 879 2158 hi
901 2114 1013 2156 versus
1035 2091 1068 2156 in

54 2192 284 2276 Manuscripto
301 2187 504 2287 αὐτογράφῳ
519 2196 650 2270 desunt3
673 2194 774 2258 sedin
791 2216 827 2259 ea
843 2195 1066 2280 descriptione,

56 2318 138 2380 quae
163 2296 258 2362 litera
282 2293 462 2363 recentiore
486 2296 570 2363 iacta
586 2309 653 2370 est,
670 2301 762 2360 ¹deest
784 2319 894 2361 versus
913 2301 1067 2362 secundus

57 2397 289 2482 (dumtaxat.)”
336 2400 523 2482 suppletum
542 2399 641 2484 igitur
664 2412 732 2464 erat
748 2401 970 2486 apographum
984 2399 1069 2466 istud

58 2523 97 2564 ex
120 2503 188 2568 alio
213 2501 337 2567 codice.
382 2501 486 2568 Nobis
508 2514 556 2566 est
580 2503 625 2566 G.

118 2606 169 2670 ΙΙ.
202 2603 433 2686 Basileensist)
463 2626 534 2669 curn
564 2603 757 2670 Scholiasta.
815 2606 937 2671 Indext
971 2628 1069 2672 nunna

58 2729 276 2772 usrnououum
300 2729 436 2772 cnauuu
459 2729 625 2773 cursurus.
651 2711 783 2773 mernbr.
803 2710 907 2775 forma
928 2713 1070 2796 qutadru·

60 2809 177 2892 plicata
207 2809 360 2875 soliorum
391 2811 506 2876 XLV.
537 2812 611 2876 See.
642 2813 709 2876 IX.
733 2813 873 2899 Figurae
900 2815 1070 2878 constelia·

60 2912 183 2978 tionum
206 2912 313 2978 insunt
335 2915 502 2979 admodum
523 2917 638 2993 rudes,
662 2915 784 2980 calamo
803 2916 995 2982 delineatae:
1018 2917 1070 2980 su·

61 3014 102 3078 lia
132 3018 195 3081 tria
229 3038 247 3081 a
282 3017 396 3080 ceteris
430 3015 666 3101 distinguuntur
701 3018 860 3101 scriptura
897 3018 1069 3084 Saxonica.
1113 3051 1116 3060 =

62 3115 139 3184 Duo
162 3131 269 3184 tresve
289 3119 383 3202 primi
412 3141 522 3182 versus
550 3119 745 3204 singularum
773 3121 961 3185 divisionum
994 3143 1070 3186 exa·

65 3232 154 3285 ratae
174 3233 247 3286 sunt
267 3223 473 3306 plerumque,
498 3233 682 3287 nontamen
706 3245 849 3307 semper,
873 3223 973 3287 literis
991 3245 1070 3310 qua·

67 3325 179 3413 dratis.
235 3323 379 3406 Scriptus
402 3346 472 3389 esse
498 3323 622 3414 videtur
637 3327 782 3402 Fuldaea
805 3339 892 3391 certe
916 3325 946 3390 iu
968 3327 1030 3394 iine
1053 3349 1072 3391 a

67 3446 161 3491 manu
183 3429 257 3492 Sec.
281 3427 381 3492 XIV.
406 3429 484 3490 haec
505 3427 683 3510 subscripta
706 3439 798 3492 sunt:

128 3531 334 3596 Honorabili
360 3530 498 3595 domino
529 3550 569 3592 ac
595 3532 692 3614 patri
726 3555 791 3596 suo
812 3532 969 3618 (sequitur
995 3543 1071 3597 nota

68 3629 142 3695 mihi
164 3644 196 3698 et
219 3631 373 3698 Faeschio
395 3632 641 3711 inextricabilis3
680 3634 804 3699 videtur
824 3637 898 3701 vela
929 3641 973 3707 L,
994 3636 1068 3698 vela

119 3844 156 3910 (¹³)
176 3852 201 3897 tn
222 3852 345 3905 flaenciii,
370 3853 401 3895 V.
431 3851 459 3895 C.
484 3847 614 3911 catatugie
639 3852 709 3898 Liba.
737 3853 870 3900 Mnuuacr.
901 3871 954 3916 pag.
977 3855 1024 3903 ⁶53
1045 3859 1069 3903 lt.

72 3917 104 3961 sic
120 3921 238 3968 retertur:
258 3953 270 3975 „
278 3921 372 3966 Claudii
392 3921 519 3977 Caesaris,
540 3921 671 3979 Germani,
691 3927 771 3971 versio
790 3926 902 3981 Horatii,
924 3943 945 3972 e.
969 3941 1068 3986 cotum.;

73 3991 189 4036 munbr.’'
207 3991 298 4051 (numia
316 3992 374 4043 sic.)
867 3999 872 4010 ”
