2788 4772
263 457 420 527 Contenti,
439 459 561 512 indoctis
580 458 705 512 omuibus
723 464 881 528 contrarie,

130 538 133 552 ¹
220 551 260 604 Et
278 562 384 621 gratus
402 552 493 604 doctis
512 562 540 606 et
559 559 603 606 eui
620 558 702 624 groti
719 561 786 606 suut
805 553 897 619 docti,

220 645 307 714 Quem
326 655 370 698 tot
389 647 473 697 simrd
489 656 594 700 ornant
613 656 732 698 naturae
751 665 887 716 munera,

219 738 367 808 Ingenium
386 745 430 792 eui
448 740 527 792 dives
547 748 574 792 et
594 741 707 792 ubertas
724 741 856 809 liuguae,¹

219 831 274 900 Qu
294 843 406 888 estem
425 831 572 901 disertus,
591 853 660 887 voce
679 844 712 889 ut
728 835 861 906 putares
871 833 977 908 seras,
1130 842 1145 898 5

218 924 256 980 Et
275 926 343 982 iulis
362 937 488 980 mortuos
506 926 633 980 traheres
652 926 822 999 srprsle'luiu

218 1019 274 1088 Qui
291 1020 465 1092 qarodeuuque
484 1021 551 1073 liber
569 1030 654 1074 docta
671 1027 768 1090 pingis
787 1039 873 1072 mauu

216 1112 380 1185 Poiyguoto
400 1120 491 1168 maior
509 1124 592 1186 atque
613 1114 828 1188 Aglaophoute,

218 1208 256 1262 Et
276 1209 396 1260 Zeuxim
414 1227 531 1280 superos
550 1217 631 1280 atque
651 1207 799 1262 Parosium
819 1207 891 1284 (sic)

216 1306 456 1372 Protogeuemque
474 1300 697 1374 Pamphilumque
717 1311 745 1354 et
763 1302 935 1358 Melantium
1103 1317 1147 1366 =10

215 1395 406 1467 Theouemque
425 1395 550 1448 Samium
568 1394 849 1470 Euphranoremqne,

215 1491 267 1543 Cui
284 1497 384 1560 sponte
402 1489 500 1542 doetus
515 1489 640 1562 palmam
658 1489 742 1540 daret
761 1491 887 1560 Apelles:

214 1583 291 1654 Quid
308 1602 426 1636 saevom
444 1591 555 1635 tantum
572 1591 768 1656 paupertatem
786 1586 931 1656 quereris?

213 1679 274 1732 Nee
285 1677 368 1748 jecit
387 1677 472 1730 boues
491 1676 542 1728 illa
560 1694 610 1728 ure
621 1673 706 1748 facit
725 1676 831 1746 malos,
970 1737 983 1755 Ι

214 1771 373 1843 Obsrmtque
391 1775 516 1842 saepius,
537 1787 619 1842 quom
636 1778 771 1839 prosunt,
791 1770 928 1824 diuitiae:
1109 1781 1142 1836 15
1189 1835 1193 1849 ,

136 1905 222 1966 haud
249 1911 412 1964 cunctatus
440 1923 508 1964 sum
538 1921 648 1966 eorum
671 1900 845 1965 sententiae
869 1905 1036 1980 accedere,
1073 1905 1144 1990 qui-

136 2009 198 2068 hus
226 2026 289 2088 pro
319 2015 408 2069 eerto
441 2025 624 2087 persuasum
654 2015 719 2079 est,
758 2005 897 2068 Fabulae
924 2004 1079 2071 XXXII.
1102 2013 1143 2072 ab

136 2129 203 2172 ιιιιο
226 2111 365 2174 Perotto
394 2107 538 2171 servatas
567 2106 642 2170 huie
663 2105 784 2170 homini
806 2107 935 2173 omnino
959 2108 1055 2172 tribui
1076 2132 1143 2176 non

134 2233 252 2294 posse:
275 2211 367 2274 nimis
390 2209 492 2288 enim,
516 2209 658 2294 quamvis
681 2221 790 2272 tenues
812 2210 875 2272 sint
897 2223 928 2274 et
948 2232 1140 2296 exsangues,

135 2325 288 2396 superant
309 2307 597 2396 po'e'tieam‘nostri
618 2311 778 2394 Episcopi
799 2309 998 2376 facultatem.
1041 2316 1142 2378 Mini-

134 2440 185 2481 me
206 2430 318 2480 eontra
341 2417 522 2497 discrepare
542 2414 667 2476 videtur
690 2424 724 2475 'et
745 2412 890 2479 inventio
912 2423 944 2478 et
970 2438 1071 2500 genus
1096 2419 1143 2480 dit

135 2521 229 2584 cendi
245 2539 353 2602 perse
375 2529 550 2600 spectatum
565 2538 583 2578 a
597 2518 750 2581 Phaedro
774 2519 888 2579 dudum
910 2529 1001 2582 noto.
1046 2521 1140 2605 Ergo

134 2627 194 2686 has
210 2644 338 2706 quoque
353 2619 488 2682 fideliter
503 2641 544 2684 ex
556 2619 702 2682 Iannellii
717 2617 803 2684 cod.
819 2619 990 2685 Perottino
1005 2623 1138 2704 repetii,

132 2737 242 2790 notata
252 2724 406 2788 varietate
416 2721 568 2798 Cassittii,
583 2733 646 2788 oet.
656 2743 697 2785 ex
708 2721 945 2806 diligentissima
957 2726 1003 2788 V.
1013 2723 1054 2790 C.
1066 2725 1142 2788 Zel-

132 2829 168 2891 lii
182 2849 271 2890 cura.
295 2828 365 2903 lta,
389 2829 475 2910 quod
486 2829 526 2886 ad
540 2825 723 2890 Phaedrum
739 2825 869 2903 attinet,
897 2847 1009 2890 secure
1021 2826 1143 2890 carebit

131 2931 320 3014 philologus
340 2929 487 2996 Iannellii
505 2929 592 2993 libro
615 2930 701 3010 apud
722 2949 780 2990 nos
795 2928 940 3002 rariore3
963 2951 1035 2992 nam
1052 2933 1139 3013 quod

130 3038 172 3098 ad
199 3036 297 3116 ipsius
324 3031 494 3114 opiniones
529 3030 661 3106 attinet,
698 3042 840 3112 praestat
877 3033 916 3094 de
948 3031 986 3093 iis
1019 3031 1137 3109 silere,

129 3159 225 3222 quam
252 3137 305 3198 vel
336 3133 510 3216 simplicem
539 3153 647 3196 earum
670 3133 858 3197 mentionem
884 3132 1031 3198 iniiceree
1055 3137 1136 3200 adeo

130 3243 283 3321 abreptus
306 3249 354 3300 est
376 3237 408 3299 in
430 3236 591 3320 plerisque
616 3257 634 3298 a
657 3255 751 3298 caeca
776 3235 924 3312 Codicis,
949 3258 1041 3320 quem
1065 3237 1135 3320 pri-

128 3363 200 3406 mus
220 3341 335 3415 edidit,
360 3339 584 3414 admiratione,
610 3349 645 3401 ut
666 3338 823 3402 interdum
845 3351 955 3420 aperte
980 3339 1060 3402 falsa
1078 3339 1135 3401 mi·

125 3430 174 3508 ris
196 3443 330 3528 argutiis
364 3443 532 3506 defendere
562 3454 745 3506 conaretur.
801 3441 855 3509 Sie
877 3454 1132 3526 quoquetmnen

124 3547 289 3632 hominem
311 3548 391 3610 bene
414 3545 560 3608 meritum
584 3541 731 3607 existimo
754 3545 791 3607 de
814 3545 976 3608 Phaedro.

121 3707 124 3714 .
192 3653 238 3714 V.
262 3648 371 3714 Editio
393 3649 542 3731 princeps
565 3648 662 3731 longe
685 3646 844 3709 rarissima
866 3648 945 3709 haee
966 3657 1031 3708 est:

194 3753 347 3817 Puteum
372 3749 389 3826 ΙΙ
415 3752 675 3815 Avo.L1nen¹r1
700 3747 719 3824 ΙΙ
748 3750 957 3812 Fuevnuuvm
981 3752 998 3828 ΙΙ
1023 3748 1132 3812 Aeso-

126 3877 255 3920 etenum
280 3857 297 3934 ΙΙ
324 3857 425 3918 Lmnt
454 3876 487 3916 v.
520 3853 537 3930 ΙΙ
581 3855 684 3918 Nune
713 3853 868 3934 primum
899 3851 934 3912 in
968 3853 1076 3914 lucem
1107 3854 1124 3930 ΙΙ

124 3957 216 4023 editi.
241 3955 260 4030 ΙΙ
297 3958 568 4022 Avovsronouue
592 3977 789 4018 'retonsarum
807 3949 824 4028 Η
849 3953 1053 4016 Excvnenur
1076 3955 1129 4018 lo.
