2768 4750
71 491 183 576 quue
208 491 266 554 ille
287 491 385 556 sciret
408 537 501 557 ....
518 517 546 556 ιιι
569 492 860 558 circumstantibus:

72 594 197 656 Places
222 595 298 672 tibi,
321 596 376 680 inq
393 640 614 661 ........
637 618 701 660 non
723 598 818 659 (lebes
840 596 958 678 places.

70 699 139 762 Sed
162 719 235 762 non
258 697 411 782 impune,
433 693 475 783 qu
492 721 534 762 ..r
559 743 625 763 ...
647 700 743 763 debes
765 719 830 764 uon
850 700 971 782 places.
1066 703 1086 765 5

457 899 558 960 [run.
587 899 713 961 unuin]

324 1049 474 1115 LUPUS
498 1051 559 1112 ET
584 1047 839 1115 BUBULCUS.

108 1192 258 1256 Multos
279 1189 390 1252 verbis
411 1190 553 1284 blandos
573 1211 648 1254 eeee
668 1201 702 1253 et
719 1203 858 1273 pectore
879 1187 1050 1268 infideles.

116 1311 147 1377 C
168 1355 336 1376 ......
351 1322 455 1374 torem
476 1311 572 1374 celeri
593 1313 674 1394 pede
696 1313 824 1396 ingeret
844 1311 954 1394 lepus,

72 1416 118 1478 Et
142 1435 163 1478 a
187 1413 333 1508 bubulco
356 1413 442 1478 visus
464 1435 594 1496 veprem
618 1425 812 1496 ..reperet,

71 1519 179 1591 †Per
202 1513 341 1598 superos
365 1537 487 1600 perque
510 1538 582 1599 spes
604 1538 713 1580 omnes
736 1527 822 1593 tuae,

71 1621 124 1683 Ne
148 1639 204 1682 me
229 1618 368 1697 indices,
391 1620 549 1682 bubulce:
574 1618 650 1682 nihil
671 1640 808 1704 unquam
831 1618 904 1683 mali

72 1722 163 1785 Huic
186 1744 273 1808 egro
294 1721 372 1786 ieci.
416 1724 461 1786 Et
478 1721 633 1786 rusticus:
657 1743 696 1786 ne
719 1723 895 1798 †timeret;
1066 1727 1086 1788 b

72 1827 159 1888 Late
182 1845 332 1889 securus.
376 1826 509 1911 Iamque
532 1836 667 1890 venator
688 1846 842 1909 sequens:

73 1929 229 2007 Quaeso,
253 1928 406 2005 bubulce,
430 1928 580 2012 numquid
601 1930 664 1992 buc
686 1927 773 1992 venit
794 1927 911 2010 lepus?

72 2030 197 2107 Venit,
226 2033 282 2092 sed
304 2029 380 2093 abiit
402 2031 462 2094 hac
483 2033 522 2094 ad
545 2034 686 2106 laevam3
711 2041 742 2094 et
764 2033 927 2094 dexteram

72 2133 292 2197 Demonstrat
313 2144 393 2197 nutu
414 2144 551 2216 partein.
596 2135 745 2198 Venator
766 2132 846 2196 citus

24 2243 27 2250 '
75 2237 153 2299 Non
178 2235 338 2300 intellexit
358 2257 457 2320 seque
479 2257 496 2299 e
519 2246 694 2317 conspeetu
715 2235 859 2298 abstulit.
1046 2238 1086 2298 10

75 2341 173 2401 Tunc
197 2336 245 2401 sic
266 2340 447 2401 bubulcus:
471 2337 598 2421 Ecquid
620 2348 669 2402 eet
690 2348 817 2422 gratum
839 2336 915 2412 tibi,
1048 2333 1054 2342 ’

76 2441 179 2519 Quod
202 2452 235 2504 te
257 2440 381 2504 celavi?
404 2440 551 2525 Linguae
572 2460 706 2522 prorsus
728 2461 793 2503 nou
813 2461 900 2524 nego

74 2545 213 2608 Habere
236 2556 330 2627 atque
353 2565 450 2627 agere
472 2546 553 2618 †me
575 2541 727 2606 maximas
750 2543 888 2627 gratiae,

76 2647 206 2710 Verum
230 2647 332 2712 oculis
353 2657 389 2710 ut
409 2645 545 2730 priveris
568 2657 648 2728 opto
670 2644 814 2728 perfidis.

455 2836 552 2898 [run.
573 2836 712 2896 nvnc]

238 2920 242 2926 ’
298 2959 555 3024 Munurrux
577 2960 640 3022 Εἰ
662 2919 867 3023 lu'vuuu.

79 3101 202 3163 Multa
222 3107 296 3162 e'eee
317 3098 487 3176 iucunda,
511 3119 597 3183 quae
619 3109 734 3161 tamen
755 3111 835 3162 cunt
853 3098 1082 3163 incommoda.

124 3222 233 3300 Quium
256 3221 452 3283 blandiretur
473 3220 580 3283 inveni
604 3219 753 3282 meretrix
775 3219 914 3302 perfida,

82 3323 127 3385 Et
148 3324 205 3387 ille
227 3324 329 3388 laesus
353 3322 456 3386 multis
478 3345 573 3405 saepe
596 3318 735 3400 iniuriis,

81 3524 175 3584 inquit,
196 3524 261 3586 qitod
275 3524 351 3570 berne
372 3524 529 3580 nondebee,
550 3525 654 3584 placet?
681 3524 731 3569 Sed
748 3537 797 3568 non
816 3525 925 3583 impune.
962 3522 1027 3584 Quia
1049 3525 1085 3568 mi

82 3592 174 3650 deber,
200 3609 249 3640 non
274 3597 366 3652 placet.
403 3595 550 3639 lennellius:
571 3620 603 3629 -
622 3593 701 3656 (lurum
719 3608 806 3639 corrue
822 3601 946 3640 secretum
965 3593 1083 3638 admitte·

82 3669 121 3708 eet
136 3666 257 3720 noxium,
278 3663 387 3709 Uxorem
403 3665 497 3710 domini
514 3663 579 3724 quod
595 3665 750 3720 corrupisset
765 3665 822 3709 eui:
840 3663 915 3724 quue
933 3665 982 3707 ille
995 3663 1082 3718 eoiret,

53 3744 62 3752 “
83 3745 169 3778 eorem
187 3733 421 3790 circumdaremur,
440 3734 529 3780 Plures
548 3733 610 3779 tibi?
633 3735 728 3794 inquit:
761 3747 911 3792 numqaum
926 3746 975 3777 nen
993 3731 1081 3788 debeo,

82 3803 188 3856 placer:
206 3803 256 3849 Sed
275 3817 324 3848 non
338 3805 453 3860 impune,
473 3805 620 3863 quicquum
637 3795 728 3857 deber,
748 3817 799 3847 uon
810 3804 908 3859 plures.
1069 3851 1071 3856 ,

137 3875 196 3919 Fur.
217 3873 325 3918 xxvtl.
350 3873 386 3928 (1)
405 3873 484 3934 (lunam
502 3881 640 3918 venatorem
659 3874 678 3917 l.
700 3874 729 3917 Z.
755 3871 842 3929 (ibid.)
859 3881 897 3917 uto
914 3871 1035 3928 celeripes
1052 3871 1081 3914 B.

89 3940 118 3984 Z·
155 3942 243 4003 (ibid.)
260 3945 305 3988 Vel
327 3944 402 3987 bisin
425 3943 503 3990 febulu
521 3944 592 3988 scrib.
612 3943 687 3999 lupun
704 3939 764 3999 (l.)‚
784 3945 809 3984 ut
829 3945 866 3984 est
884 3940 1082 3995 upudlieuuulurn

87 4005 120 4063 4,
150 4009 174 4058 3.
203 4020 226 4059 et
248 4014 397 4068 Anonymuu
416 4012 513 4058 Nllantii
534 4014 592 4059 rab.
614 4010 660 4058 50.-
684 4013 722 4057 vel
748 4013 771 4056 in
793 4011 868 4056 iudice
893 4011 1005 4054 LEPUS.
1026 4008 1081 4069 (Ζ.)
