2796 4746
296 470 703 636 PROMETIIdFEAiidlle
726 565 893 632 DOLUS.

395 680 441 732 De
457 685 581 732 veritate
598 687 626 730 et
644 678 798 730 mendacio.

145 777 237 846 Olim
254 780 471 848 Prometheus
488 780 588 846 seculi
608 781 726 868 figulus
748 779 827 844 novi

97 881 196 950 Cura
215 882 325 947 subtili
342 883 522 950 Veritatem
541 884 681 961 fecerat,

98 987 148 1052 Ut
167 985 242 1050 iura
260 997 371 1069 posset
391 987 476 1054 inter
495 987 640 1072 homiues
659 991 808 1060 reddere.

98 1089 224 1154 Subito
247 1089 421 1160 accersitus
444 1089 556 1156 nuntio
579 1091 686 1177 magni
704 1090 795 1165 Iovis

99 1191 322 1262 Commendat
342 1192 505 1262 officinam
525 1193 636 1268 fallaci
653 1195 761 1271 Dolo,

100 1296 144 1362 ln
169 1293 371 1378 disciplinam
392 1319 494 1383 nuper
516 1319 611 1383 quem
633 1310 815 1380 receperat.

29 1415 31 1423 ’
100 1397 174 1464 Hie
196 1399 303 1467 studio
324 1421 494 1477 aecensus,
516 1399 600 1472 {acie
617 1399 820 1468 simulacrum
838 1400 926 1485 pari,
1012 1465 1014 1470 .
1076 1433 1080 1446 ·

100 1503 178 1568 Una
201 1512 339 1581 statura,
361 1502 464 1574 simile
486 1513 518 1568 et
539 1503 690 1574 membris
713 1503 877 1580 omnibus,

101 1606 194 1672 Dum
212 1616 337 1690 tempus
358 1603 490 1681 habuit,
512 1606 628 1674 eollida
645 1605 739 1674 finxit
760 1627 871 1674 manue

101 1709 207 1791 Quod
222 1729 330 1792 prope
343 1707 406 1774 iam
420 1719 525 1774 totum
544 1709 624 1778 mire
639 1731 737 1796 quum
754 1709 896 1794 positum
911 1710 1017 1789 soret,
1057 1712 1098 1778 10

99 1813 229 1876 Lutum
251 1814 292 1876 ad
309 1809 476 1885 faciendos
497 1810 548 1878 illi
568 1809 688 1882 defecit
704 1817 816 1897 pedes.

102 1913 210 1980 Redit
231 1913 406 2000 magister,
424 1937 491 2001 quo
511 1915 699 1990 festinanter
720 1918 825 1988 Dolus

90 2017 205 2084 'Metu
226 2020 374 2084 turbatus
391 2015 426 2082 in
446 2039 506 2086 suo
527 2018 610 2092 sedit
629 2021 721 2089 loeo.
933 2086 935 2092 ,

104 2120 240 2188 Mirans
261 2123 476 2190 Prometheus
496 2133 615 2189 tantam
636 2121 895 2201 similitudinem,
974 2117 976 2123 ¹

104 2220 273 2308 Propriae
295 2222 401 2290 videri
421 2223 526 2298 uoluit
546 2224 624 2298 artis
645 2225 798 2310 gloriam.
1027 2293 1030 2300 Δ
1062 2228 1101 2300 15

103 2326 218 2412 Igitur
238 2325 368 2394 fornaci
387 2325 593 2410 pariterduo
606 2328 708 2414 signa
730 2327 855 2406 intulit3

105 2431 236 2511 Quibus
253 2428 419 2515 percoctis
436 2441 531 2518 atque
553 2429 661 2504 infuso
683 2432 818 2517 spiritu,
918 2473 921 2482 ,

105 2533 268 2599 Modesto
292 2553 405 2619 gressu
424 2544 535 2600 saneta
553 2533 685 2608 incessit
706 2535 860 2614 Veritas;

105 2637 155 2702 At
176 2648 293 2701 trunca
313 2635 437 2721 species
457 2637 561 2704 haesit
580 2638 616 2704 in
637 2638 794 2726 vestigio.

107 2741 205 2804 Tune
222 2739 305 2806 salsa
325 2738 435 2826 imago
456 2751 551 2834 atque
574 2739 684 2826 operis
705 2742 824 2808 furtivi
844 2744 941 2814 labor
1062 2749 1104 2812 20

106 2841 318 2914 Mendacium
340 2843 533 2929 appellatum
555 2855 622 2921 est3
645 2848 734 2932 qnod
750 2847 943 2932 negantibus
1015 2923 1017 2928 ,
1095 2891 1099 2900 «

108 2945 216 3023 Pedes
237 2947 358 3012 habere
380 2946 476 3012 facile
496 2946 567 3032 ipse
590 2948 772 3026 consentio,

522 3118 623 3180 [nnn.
642 3123 687 3182 m]

381 3239 385 3249 ·
500 3193 709 3292 Anonos.

450 3345 534 3412 ΝἰΙιίΙ
550 3345 599 3399 diu
617 3346 763 3404 oecultum.

153 3459 308 3524 Simulata
328 3459 487 3544 interdum
510 3457 588 3523 vitia
608 3471 746 3550 prosunt
766 3457 987 3537 hominibus,.

112 3563 176 3628 Sed
197 3575 347 3654 tempore
367 3562 440 3647 ipso
462 3574 569 3628 tamen
592 3555 726 3646 apparet
749 3561 880 3628 veritas.

165 3720 225 3765 ure.
244 3718 289 3768 tv.
325 3719 363 3778 (1)
374 3717 476 3782 figens
497 3715 562 3778 novt]
581 3719 602 3764 1.
616 3718 647 3764 c.
669 3719 699 3764 z.
720 3743 753 3752 -
766 3719 827 3764 uate
838 3718 941 3782 figurae
955 3707 1010 3766 vd.
1025 3721 1101 3780 neap.

113 3785 151 3844 (2)
168 3787 246 3850 Cura]
264 3792 319 3834 Vat.
356 3810 391 3824 -
425 3787 499 3836 Creta
517 3790 594 3846 Neep.
613 3788 675 3834 Edd.
713 3785 769 3848 (12)
779 3785 949 3849 festinanter]
967 3791 996 3850 β.
1018 3793 1047 3841 z.
1073 3817 1105 3830 -

108 3853 250 3916 sentinante
268 3862 325 3907 Vat.
344 3859 421 3915 Neap.

162 3931 223 3980 Pus.
243 3933 275 3975 V.
313 3930 383 3985 „Hor
409 3942 463 3975 erre
487 3929 643 3984 epimrthium
669 3930 819 3974 desider-otae
843 3930 939 3976 fabulas
967 3945 1037 3976 uerno
1058 3949 1105 3978 non

115 3990 215 4050 putabit.
253 4002 322 4059 Quod
346 4001 366 4046 si
392 4000 520 4056 Perottus,
549 4005 575 4046 ut
592 3999 701 4052 nonnulli¹
718 4005 821 4054 rentur,
852 4001 896 4052 tras
914 4002 1105 4056 fabulaslttlarte
