2788 4772
318 341 360 410 94

318 480 393 543 Sive
415 483 479 544 hoc
499 480 640 561 ineptum
664 478 731 542 sivc
753 479 941 542 laudandum
966 463 1014 542 cst
1036 499 1137 561 opus,

320 575 447 646 Invenit
466 584 539 659 ille,
563 593 672 646 nostra
696 581 831 666 perfecit
856 603 977 646 manus.

319 687 384 750 Sed
405 707 618 770 exsequamur
641 697 789 768 coeptum
810 685 972 769 propositi
999 683 1155 750 ordinem.

710 970 808 1031 [nnn.
834 970 938 1030 suin]

652 1130 715 1195 DE
739 1123 1003 1193 SIMONIDE.'

362 1287 471 1365 Homo
495 1303 608 1363 doctus
631 1300 662 1362 in
686 1319 719 1361 se
742 1295 1015 1379 semperdivitias
1037 1298 1144 1360 habet.

319 1405 516 1478 Simonides,
542 1402 597 1485 qui
618 1401 746 1484 scripsit
768 1400 934 1484 egregium
957 1401 1073 1478 melos,

228 1581 232 1592 .
304 1509 394 1591 nQno
417 1519 635 1589 paupertatem
659 1506 827 1567 sustineret
847 1501 990 1579 facilins,

320 1608 468 1674 Circuire
490 1611 597 1692 coepit
621 1611 716 1671 nrbes
739 1608 837 1671 Asiae
859 1607 1003 1680 nobiles,

319 1714 475 1776 Mercede
499 1723 631 1794 accepta
653 1711 776 1773 laudem
800 1696 957 1772 victorum
981 1729 1108 1772 canens.
1312 1709 1327 1768 5

318 1817 394 1879 Hoc
418 1836 533 1899 genere
558 1824 706 1897 quaestus
730 1823 899 1896 postquam
921 1812 1065 1892 locuples
1086 1811 1191 1876 sactus
1217 1825 1287 1887 est,

323 1918 446 1999 Redire
468 1917 499 1979 in
521 1915 655 1998 patriam
680 1915 782 1978 voluit
804 1935 899 1976 cursu
921 1913 1067 1998 pelagi03
1089 1967 1092 1972 .

320 2021 415 2101 [Erat
438 2029 543 2082 autem
565 2028 686 2093 natus,
700 2029 736 2079 ut
757 2016 859 2092 aiunt,
883 2018 914 2078 in
938 2014 1005 2080 Cea
1027 2016 1129 2080 insula
1144 2020 1169 2099 ι]

319 2121 475 2186 Ascendit
497 2143 629 2196 navem,
655 2141 746 2204 qnam
768 2130 938 2201 tempestas
961 2119 1109 2196 horrida,
1167 2188 1169 2192 ,

321 2225 422 2288 Simul
443 2238 475 2288 et
496 2236 637 2288 vetustas
661 2223 763 2288 medio
787 2222 934 2286 dissolvit
956 2222 1047 2286 mari.
1289 2225 1325 2284 ld

319 2328 365 2391 Hi
386 2349 503 2406 zonas,
527 2328 574 2390 illi
595 2348 647 2390 res
669 2326 827 2408 pretiosas
851 2326 1024 2410 colligunt,

320 2423 499 2496 Subsidium
523 2430 620 2495 vitae.
666 2429 799 2510 Quidam
823 2429 1000 2492 curiosior:

323 2535 508 2609 Simonide,
532 2545 567 2596 tn
590 2553 630 2594 ex
652 2532 767 2613 opibus
790 2532 832 2594 nil
854 2530 951 2593 sumis
971 2529 1059 2594 tuis?

321 2639 473 2712 Mecum,
498 2635 619 2718 inquit,
645 2657 712 2697 mea
728 2647 801 2698 sunt
817 2645 940 2696 cuncta.
966 2634 1059 2697 Tunc
1073 2637 1166 2718 pauci
1181 2641 1322 2708 enatant,

319 2886 372 2929 Pro
388 2883 464 2927 tribus
482 2883 520 2928 his
538 2897 576 2929 vv.
594 2885 652 2929 bsec
667 2884 764 2928 exhibet
784 2883 830 2931 N.:
858 2881 914 2928 Heu
932 2890 1039 2944 queantur
1059 2891 1097 2929 est
1113 2897 1212 2944 semper
1231 2891 1323 2930 'stortu-¹

318 2955 382 2999 lium
401 2954 480 2997 licor!
504 2953 568 2998 Sunt
587 2955 630 3013 qus'
648 2953 768 3013 quidquid
782 2959 871 3010 putant
891 2953 997 3013 dignum
1018 2957 1154 3010 memorio,
1174 2956 1271 3014 Aesopi
1288 2953 1322 2996 di-

321 3029 381 3069 cunt
398 3017 469 3084 (sic).
508 3018 554 3086 (5)
573 3047 605 3058 -
620 3023 773 3068 contendunt
794 3023 823 3068 N.
861 3016 908 3085 (6)
926 3048 959 3056 -
977 3023 1044 3084 Quos
1063 3024 1093 3070 Ν.
1131 3027 1177 3070 Sed
1190 3028 1259 3081 prius
1276 3027 1322 3080 ipse

319 3097 449 3148 scripserat
464 3107 535 3152 quem
545 3126 552 3149 ‚
583 3094 735 3139 rnaoifestum
753 3093 944 3149 interpolationis
964 3095 1089 3139 iudicium.
1125 3089 1173 3158 (9)
1185 3088 1322 3156 propositi]

319 3177 343 3219 p.
364 3165 390 3210 S.
409 3188 442 3198 —
457 3164 614 3221 propositum
635 3164 667 3207 P.
686 3163 715 3208 ll.
735 3163 756 3206 A
775 3163 805 3208 N.
826 3163 893 3207 abest
911 3163 948 3206 hic
967 3164 1111 3208 versiculus.

370 3233 430 3277 rm.
451 3233 536 3277 xxti.
573 3228 619 3295 (l)
646 3255 679 3267 -—
705 3247 753 3280 om.
779 3247 803 3277 v.
831 3231 854 3280 1.
879 3232 909 3277 N..
946 3225 993 3294 (lt)
1019 3230 1144 3292 Circus're]
1168 3235 1193 3279 S.
1215 3251 1250 3269 ··-·-
1269 3233 1317 3277 cir·

319 3303 414 3347 cumire
432 3304 463 3347 P.
483 3303 513 3348 R.
534 3303 565 3348 N.
585 3317 610 3360 p.
657 3304 718 3347 Sane
737 3303 761 3346 iu
786 3307 885 3360 utreque
909 3303 1026 3358 scripturn
1047 3317 1100 3349 voc.
1125 3318 1199 3362 seque
1217 3306 1265 3349 erit
1281 3301 1322 3346 tri·

319 3373 446 3426 sutanum.
482 3373 569 3433 Illam,
600 3387 629 3418 ne
649 3373 701 3431 quis
719 3373 844 3426 haereret,
865 3373 975 3428 praetuli.
1023 3367 1069 3434 (6)
1080 3369 1181 3434 sactus]
1201 3373 1231 3419 N.
1252 3388 1276 3430 p.
1297 3371 1319 3414 S.

319 3466 352 3478 -
363 3440 465 3502 sactum
483 3444 512 3488 P.
537 3444 567 3487 ll.
604 3437 651 3505 (7)
668 3439 769 3500 Redire]
794 3441 824 3489 N.
844 3439 942 3485 firmans
962 3443 1035 3487 Tollii
1056 3443 1119 3488 conl.
1140 3444 1166 3492 S.
1189 3459 1218 3475 -·
1238 3442 1320 3489 venire

318 3514 348 3558 P.
367 3513 398 3560 R.
421 3527 444 3568 p.
462 3513 525 3556 Zell.
544 3507 592 3574 (-
611 3526 660 3556 om.
681 3513 757 3556 soluat
774 3513 882 3570 Berger,
903 3511 982 3556 tacite.
1019 3511 1121 3557 Videtur
1140 3527 1190 3558 err.
1210 3503 1323 3570 typogr.)

318 3575 412 3642 (thiu.)
427 3579 541 3642 pelagio]
561 3583 679 3641 Bougars.
707 3583 732 3625 S.
763 3602 796 3614 --
822 3581 913 3641 pelagi
930 3581 959 3626 P.
979 3581 1008 3628 R.
1034 3595 1058 3637 p.
1078 3576 1112 3643 (E
1132 3582 1163 3630 N.
1186 3582 1321 3628 exciderunt

319 3665 357 3695 vv.
377 3663 454 3696 cursu
468 3646 538 3712 pel.)
578 3646 624 3712 (8)
645 3661 675 3693 =
698 3657 724 3694 ut
740 3651 824 3704 aiunt,
854 3657 929 3694 nutus
946 3651 1065 3709 bongars.
1085 3651 1203 3712 Conlugh.
1226 3653 1318 3708 Blpont.

318 3715 412 3783 (lbitl.)
430 3718 488 3781 Ceu]
507 3719 569 3766 Giid.
586 3721 669 3764 burm.
689 3722 714 3765 S.
732 3743 765 3754 -—
784 3718 845 3764 Ultio
861 3721 889 3764 ll.
912 3736 940 3751 ...
961 3718 1038 3764 Selia
1055 3721 1085 3766 P.
1108 3727 1166 3766 teste
1181 3723 1254 3781 Berg.
1274 3715 1320 3781 (Α

319 3790 400 3835 Sitlu'a
426 3792 455 3846 Ρ.
482 3793 580 3836 testibus
608 3791 709 3835 Pithoeo
736 3797 760 3836 et
791 3783 926 3856 Bongsrs.)
949 3809 983 3822 —
1008 3787 1071 3836 Coeo
1091 3786 1156 3854 (sic)
1182 3806 1204 3846 μ.
1226 3817 1257 3826 -
1276 3785 1319 3834 cao

318 3861 407 3920 Rigalt.
445 3861 534 3905 Totum
557 3863 716 3915 versiculum,
736 3862 794 3906 mibi
826 3865 977 3914 suspectum,
1003 3872 1051 3905 om.
1073 3861 1102 3905 N.
1152 3861 1196 3906 Est
1212 3862 1278 3914 tere,
1299 3861 1320 3900 ul

320 3944 391 3985 snpra
408 3931 463 3975 Lib.
487 3928 513 3975 3.
533 3931 635 3991 Prolog.
655 3945 679 3976 v.
703 3928 744 3977 52.
786 3928 915 3990 Phrygem
926 3927 1015 3988 fuisse
1039 3930 1171 3988 Aesopum.
1209 3927 1271 3992 (10)
1288 3941 1319 3962 -2'

320 3999 403 4046 Simul
427 4007 536 4046 uetustas
564 4002 594 4047 N.
643 3995 707 4063 (11)
727 4023 755 4033 -
775 3997 820 4045 His'
837 3989 918 4045 mu.
955 4001 1011 4045 luds
1036 4001 1066 4044 ab
1091 4001 1135 4046 boe
1151 4015 1175 4046 v.
1201 4003 1230 4046 sd
1250 3999 1318 4045 linem
