2788 4772
295 383 334 448 70

337 521 477 584 Maritus
499 520 624 605 quidam
648 541 743 605 quum
767 517 913 604 diligeret
935 518 1100 604 coniugem

296 626 488 709 Togamque
508 645 619 706 puram
642 623 701 685 iam
724 633 854 703 pararet
875 621 962 697 lilio,

294 730 450 793 Seductus
472 726 504 789 in
526 738 683 790 secretum
705 748 723 788 a
746 725 862 792 liberto
885 736 934 790 est
956 745 1035 800 suo,

294 833 452 913 Sperante
474 831 620 891 heredem
644 828 745 891 suffici
768 850 801 892 se
824 827 1024 910 proximum,

294 932 360 1014 Qui
382 954 478 1018 quum
500 935 539 994 de
561 953 664 1015 puero
688 932 781 994 multa
805 931 951 994 mentitus
973 930 1061 994 foret

182 1061 185 1074 ·
292 1037 339 1102 Et
360 1036 450 1118 plura
474 1036 512 1096 de
533 1033 662 1119 flagitiis
685 1047 790 1097 castae
814 1033 974 1112 mulieris,

291 1137 420 1208 Adiecit
440 1137 491 1213 id,
516 1139 604 1224 quod
627 1137 782 1204 sentiebat
805 1137 939 1200 maxime

292 1237 478 1310 Doliturum
501 1239 638 1314 amanti,
664 1239 820 1302 ventitare
843 1239 1020 1304 adulterum
1106 1281 1109 1287 -
1207 1257 1213 1265 “

270 1343 482 1427 ‘Stuproque
503 1341 590 1424 turpi
611 1341 712 1424 pollui
733 1341 848 1405 famam
870 1345 996 1407 domus.

291 1445 446 1517 Incensus
467 1445 520 1508 ille
540 1445 624 1510 falso
648 1446 756 1509 rrxoris
779 1443 909 1509 crimine

296 1548 462 1613 Simulavit
482 1547 545 1612 iter
566 1551 605 1612 ad
627 1548 734 1611 villam
758 1549 902 1634 clamque
924 1548 956 1611 in
979 1549 1100 1632 oppido
1191 1583 1195 1596 =

213 1639 219 1650 ¹
293 1651 464 1720 Subsedit:
487 1651 599 1718 deinde
622 1664 721 1716 noctu
743 1653 849 1716 subito
871 1651 994 1715 ianuam
1195 1650 1198 1654 ’

292 1753 449 1830 Intravit,
472 1766 561 1818 recta
583 1754 765 1818 cubiculum
789 1753 901 1818 rrxoris
923 1766 1052 1836 petens,

291 1858 330 1930 Iu
353 1878 418 1943 quo
441 1855 582 1921 dormire
604 1866 705 1920 mater
728 1869 834 1920 natum
857 1857 1011 1935 iusserat,

291 1961 439 2026 Aetatem
462 1959 599 2026 adultam
621 1962 754 2022 serenus
776 1957 971 2044 diligentius.

290 2063 376 2128 Dum
399 2070 554 2146 quaerunt
575 2061 699 2138 lumen,
724 2065 796 2124 drrm
820 2073 1013 2128 concursant
1033 2063 1168 2142 familia,

289 2165 363 2237 Irae
385 2165 520 2230 surrectis
543 2163 693 2247 impetum
717 2186 780 2229 non
804 2166 962 2233 sustineus
1061 2186 1064 2190 ·

288 2269 480 2358 Adiectum
502 2267 644 2341 accedit,
675 2278 776 2332 tentat
798 2268 829 2330 in
852 2266 994 2331 tenebris
1018 2281 1125 2351 caput.

291 2371 337 2437 Ut
358 2370 452 2434 sentit
473 2383 629 2450 tonsum,
644 2371 752 2456 gladio
774 2382 888 2452 pectus
911 2371 1078 2457 transigit,

289 2473 377 2544 Nihil
399 2473 594 2555 respiciens,
619 2475 693 2540 dum
716 2475 860 2538 dolorem
885 2473 1035 2538 vindicet.

288 2579 437 2643 Lucerna
461 2576 584 2652 adlata,
609 2575 702 2638 sirnul
724 2577 872 2659 adspexit
894 2577 991 2640 filiurn

289 2681 500 2764 Sanctamque
524 2700 657 2744 texerem
681 2679 891 2746 dormientem
913 2681 1081 2768 eubiculo,
1131 2713 1135 2722 «
1257 2685 1301 2753 30

288 2781 408 2864 Sopita·
425 2768 528 2863 primo
552 2801 632 2867 qrrae
655 2781 698 2846 uil
722 2789 1020 2862 somno-senserat,

244 2959 247 2966 Ι
288 2875 558 2966 Repraesentavit
579 2884 611 2949 in
634 2905 667 2947 se
691 2905 826 2966 poenam
849 2887 1001 2953 facinoris

287 2985 333 3060 Et
354 2987 445 3052 ierro
467 2985 629 3064 incubuit,
654 2990 743 3071 quod
766 2988 938 3054 credulitas
961 2991 1148 3063 strinxerat,

288 3091 506 3164 Accusatores
528 3089 729 3183 postularunt
753 3092 917 3156 mulierem

287 3337 342 3396 (26)
359 3335 466 3398 aceedit]
484 3341 513 3386 P.
532 3340 562 3386 R.
584 3353 608 3396 p.
628 3349 667 3394 ω
683 3339 751 3385 ondit
775 3339 805 3389 ll.
826 3341 906 3398 (prob.
933 3343 1029 3399 Burin.)
1048 3345 1074 3395 S.
1097 3345 1140 3402 (ε
1162 3353 1249 3395 rement
1265 3351 1297 3401 P.

286 3411 316 3466 Ν.
337 3407 375 3467 p.)
411 3407 467 3467 (27)
485 3434 519 3454 -.
537 3411 617 3455 sensit
635 3409 665 3461 Ν.
704 3410 789 3464 (ibid.)
819 3411 952 3473 transigit]
979 3407 1100 3474 Bongars.¹
1124 3415 1185 3464 Ritt.
1214 3421 1240 3464 S.
1261 3445 1296 3456 -

189 3477 193 3482 “
287 3478 463 3542 transfigitl’.
492 3481 523 3525 R.
545 3480 624 3536 Ν.,ρ.
661 3476 718 3536 (28)
736 3478 809 3524 Nihil
831 3483 986 3539 rerpiciena,
1017 3483 1086 3544 duan]
1112 3485 1142 3531 N.
1168 3500 1192 3544 p.
1213 3489 1240 3534 S.
1261 3513 1295 3526 ...

285 3549 351 3603 nibil
365 3551 393 3594 in
413 3549 599 3607 respiciendum
622 3551 652 3595 Ρ.
670 3549 700 3602 Ν.
728 3549 766 3600 (ln
785 3550 829 3595 boc
850 3557 1000 3607 correctum,
1021 3555 1181 3608 probabiliter
1199 3559 1296 3604 demum

286 3621 341 3668 See.
360 3619 442 3664 XVll.
463 3633 492 3664 cx
509 3616 585 3674 ΕΜ.)
629 3616 687 3678 (31)
716 3617 763 3678 nii]
788 3619 818 3666 Ν.
840 3634 864 3676 p.
891 3622 916 3666 S.
937 3645 970 3655 -
988 3621 1054 3668 nibil
1071 3625 1100 3670 P.
1120 3639 1146 3684 g.
1184 3625 1242 3684 (3))
1263 3653 1295 3664 -

282 3691 444 3747 poetolcrunt
463 3690 492 3734 P.
523 3701 548 3748 g.
586 3685 644 3746 (36)
663 3712 696 3732 -τ
716 3685 814 3748 Magno
831 3689 979 3741 incolentem
998 3691 1074 3749 (uon:
1107 3695 1241 3752 insontem)
1262 3698 1292 3743 Ν.
1380 3685 1381 3720 1

286 3761 331 3811 (-—
349 3759 476 3816 suspectio
493 3760 627 3822 idoneare.)
662 3753 723 3819 (37)
742 3777 775 3792 -
788 3759 903 3815 possidet
924 3760 953 3805 Ν.
994 3759 1051 3819 (39)
1070 3765 1134 3819 „llic
1152 3780 1236 3812 versus
1256 3768 1294 3828 (in

284 3827 314 3876 P.
334 3833 358 3873 et
377 3827 423 3883 R.)
441 3835 553 3874 exaratus
571 3833 608 3873 est
627 3829 703 3875 literis
727 3829 865 3874 incineratis
886 3831 1016 3892 iisdemque
1038 3835 1183 3891 rubricatis,
1217 3839 1294 3883 instar

284 3899 373 3945 tituti.”
392 3899 468 3950 Bene.
490 3923 523 3933 -
549 3896 696 3960 Pontificem
716 3894 1009 3962 maximum'rogcrnnt
1029 3903 1126 3949 iudicer
1154 3905 1293 3954 Christiani

284 3968 397 4028 interpol.
418 3969 451 4018 Ne
496 3966 555 4029 (tt)
574 3965 688 4037 Quando]
708 3969 748 4013 Sic
765 3967 795 4012 tt.
821 3987 855 4002 -·
872 3969 938 4029 qumi
956 3972 984 4017 Ρ.
1004 3973 1034 4016 u.
1055 3985 1079 4028 p.
1096 3976 1124 4022 S.
1145 3975 1191 4032 (-·
1210 3981 1293 4023 terror

284 4035 329 4094 Ν.)
365 4034 422 4094 (42)
447 4036 563 4096 dispulit]
589 4051 613 4096 p.
642 4041 667 4092 St
689 4061 722 4082 -ε
748 4036 848 4090 decretu
866 4040 895 4093 Ρ.
915 4055 939 4102 g.
984 4043 1011 4088 lu
1028 4041 1059 4092 N·
1080 4057 1118 4089 vv.
1140 4042 1182 4091 tt.
1205 4052 1231 4092 et
1247 4045 1290 4092 43.
