2788 4772
69 511 153 594 Quid
175 507 386 595 profecisset,
411 525 506 591 quum
529 523 658 567 crearer
680 498 862 566 marcadus?

67 614 262 680 Beuelicium
286 631 434 698 magnum
457 628 532 672 sane
555 607 649 669 natali
672 605 777 680 dedit,

69 720 112 784 Ut
135 729 355 800 exspectarem
378 713 494 777 lanium
517 709 548 800 iu
570 711 667 773 horas
690 707 848 794 singulas!

69 821 168 887 Citius
190 832 334 903 potestas
356 819 440 882 nuilla
462 818 496 881 iu
523 813 683 902 gignendo
705 812 783 886 fuit,

71 924 138 990 Cur
161 927 228 988 bac'
244 921 284 986 sit
306 922 442 1004 potior,
466 943 547 998 qliae
568 916 700 982 iacentis
724 913 862 978 miserita
885 923 931 975 est

73 1027 273 1110 Dulcemque
295 1037 409 1108 sponte
430 1035 572 1107 praestat
586 1015 864 1085 benevolentiam?

71 1130 162 1194 Facit
184 1138 333 1213 parentes
355 1125 503 1205 bonitas,
528 1147 593 1190 non
616 1123 797 1205 necessitas.

111 1233 173 1296 His
196 1236 413 1298 demonstrare
436 1229 543 1296 voluit
563 1240 678 1292 auctor
701 1225 847 1290 versibus

73 1337 239 1402 Obsistere
260 1333 404 1400 homines
428 1332 571 1418 legibus,
596 1329 715 1395 meritis
737 1327 821 1413 capi.

471 1553 570 1614 [rau.
593 1550 680 1611 xvi]

326 1675 504 1766 crenus
530 1689 823 1758 eunocum.

112 1835 313 1902 Humanitati
336 1834 447 1920 quise
468 1855 533 1899 non
556 1833 796 1908 accommodat,

75 1942 269 2026 Plerumque
291 1958 412 2021 poenas
435 1936 560 2020 oppetit
581 1935 766 2019 superbiae.

115 2042 235 2109 Cicada
258 2043 407 2106 acerbum
429 2051 566 2104 noctuae
588 2037 766 2104 convicium

78 2147 245 2224 Faciebat,
270 2144 384 2210 solitae
406 2144 525 2206 victum
547 2141 579 2205 in
603 2140 741 2206 tenebris
765 2159 940 2224 quieuere,

80 2247 236 2334 Cavoque
257 2269 348 2312 ramo
372 2267 488 2329 capere
510 2266 654 2310 somnum
676 2242 826 2306 interdiu.
1062 2240 1081 2303 5

78 2351 206 2436 Rogata
229 2362 295 2426 est,
321 2361 355 2412 ut
376 2358 512 2412 taceret.
556 2348 665 2410 Multo
694 2345 824 2409 validius
874 2338 879 2356 ¹

80 2452 226 2518 Clamare
249 2451 410 2533 occoepit.
455 2453 581 2515 Rursus
604 2452 731 2513 admota
752 2470 851 2531 prece

80 2557 225 2621 Accensa
247 2553 349 2639 magis
371 2564 432 2617 eet.
476 2555 604 2616 Noctua
628 2563 662 2615 ut
685 2551 762 2616 vidit
784 2551 846 2616 sibi

79 2657 205 2724 Nullum
228 2678 298 2722 esse
321 2656 473 2720 auxilium
495 2667 528 2720 et
549 2658 648 2721 verba
671 2654 830 2720 contemni
851 2675 928 2730 sua,

81 2858 160 2905 subest
179 2837 282 2915 error,¹
297 2871 342 2916 pro
359 2859 486 2905 Pithoeaui
506 2854 618 2919 seriem
636 2860 703 2916 peius
722 2861 794 2905 etiam
816 2859 902 2906 babet:
922 2854 1083 2920 -suiaset5
1126 2891 1127 2896 ,
1196 2873 1198 2880 ’

81 2933 203 2988 utrumque
220 2943 279 2976 vero
302 2941 374 2975 seusu
389 2935 463 2978 earet.
499 2929 628 2974 Aberratit
647 2931 702 2974 scil.
722 2929 836 2975 librarius
854 2929 991 2991 archetypi,
1022 2931 1083 2974 unde

81 2997 196 3046 duxeruut
224 3001 255 3046 P.
279 3004 304 3044 et
330 2999 377 3055 ll.,
396 3013 411 3043 a
428 3011 467 3045 vv.
497 2998 552 3060 Age
572 3011 652 3058 porro
674 2999 703 3044 ad
726 3001 783 3054 syll.
801 3013 848 3058 pro
866 3001 987 3058 sequentis
1006 3013 1083 3054 vers„

81 3070 155 3113 media
173 3072 298 3116 omittens.
345 3071 438 3115 Vulnus
456 3069 525 3119 tacite
546 3069 673 3114 occultavit
690 3069 822 3125 Pithoeus,
843 3071 906 3114 coni.
925 3069 1082 3115 rescribens:

82 3135 132 3198 elge
147 3153 227 3200 porro
250 3139 355 3194 arietet,
376 3153 450 3199 quum
468 3152 572 3183 crearer·
595 3140 743 3184 tuuaculus:
765 3141 814 3196 ita,
846 3144 871 3184 ut
894 3151 932 3185 vr.
952 3153 1026 3199 quum
1044 3153 1083 3184 cr.

83 3218 157 3258 muer.
176 3212 204 3254 sd
224 3221 292 3268 seqq.
312 3210 480 3266 traherentnr3
499 3210 524 3253 in
543 3223 590 3268 quo
611 3210 692 3264 plnres
710 3209 823 3254 Editores
844 3209 932 3254 merito
946 3211 1083 3254 haeserunt.

83 3275 130 3322 llos
146 3283 227 3325 tamen
254 3291 278 3324 r.
299 3279 391 3324 arietet
408 3283 529 3337 tamqnam
546 3279 665 3334 scriptura
687 3277 747 3324 Cdd.
769 3282 875 3337 ipsorum
900 3281 976 3325 adhuc
998 3293 1085 3337 propa-

84 3352 159 3403 gatum
176 3354 223 3398 est.
259 3345 318 3407 (13)
338 3357 370 3393 =
390 3361 452 3393 eune
469 3361 591 3410 magnum
611 3347 642 3394 N.
686 3345 777 3410 (lbid.)
794 3347 887 3408 natali]
909 3349 939 3395 N.
960 3363 984 3406 p.
1006 3351 1031 3394 s.
1051 3367 1086 3390 ι,-

83 3419 163 3462 nctole
191 3419 223 3465 P.
253 3418 284 3464 R.
321 3416 379 3474 (14)
406 3415 593 3477 exspectarem]
623 3417 654 3463 N.
683 3431 708 3474 p.
740 3421 766 3465 S.
793 3443 826 3454 -
844 3423 985 3477 spectarem
1003 3419 1034 3463 P.
1053 3418 1083 3461 u.

85 3480 135 3542 (15)
156 3511 184 3524 -
204 3487 342 3551 gygnendo
360 3489 391 3534 P.
437 3485 499 3550 (1⁶)
517 3507 551 3521 -
569 3489 674 3536 miserto
694 3487 725 3534 N.
768 3487 822 3544 (17)
844 3499 875 3534 =
895 3488 1086 3534 beniuolentiam

84 3551 111 3598 Ρ.
133 3557 162 3601 tt.
176 3557 207 3607 N.
230 3571 253 3615 p.
304 3555 361 3617 (18)
387 3567 426 3605 mo
451 3563 583 3615 parentem
610 3557 641 3603 N.
691 3557 778 3616 (lbid.)
797 3584 830 3594 -
849 3561 968 3604 nativitus
986 3557 1083 3612 Romul.

73 3619 139 3682 ·(20)
158 3625 268 3690 legibus]
288 3641 311 3684 p.
332 3629 411 3672 S..-
429 3629 540 3688 legimus
559 3629 589 3672 P.
610 3629 654 3684 (De
673 3627 702 3673 R.
721 3629 781 3672 hand
804 3631 918 3684 constat.)

131 3697 191 3743 Fen.
210 3699 280 3743 xvt.
331 3697 381 3753 N.‚
411 3692 451 3758 (ul
477 3699 528 3743 lere
554 3699 627 3753 solet)
655 3697 690 3743 sic
722 3700 878 3754 interpolavit
905 3695 1082 3754 promylhiuru:

86 3758 137 3810 Non
153 3781 208 3813 ease
226 3774 313 3826 sponte
338 3767 417 3812 relicui
424 3763 576 3827 faciendam
594 3769 735 3823 iniuriam
753 3783 812 3814 narn
829 3769 873 3830 qui
890 3765 1041 3813 humanitati
1058 3781 1086 3811 se

87 3843 132 3877 uon
148 3837 318 3884 occotnmodnt
333 3837 407 3892 (non:
436 3838 650 3892 accommodant),
666 3840 814 3898 picemque
826 3852 924 3897 poenus
942 3835 986 3882 dct
1003 3836 1085 3894 (nont

88 3899 153 3956 dunt)
170 3909 313 3968 superbiae.
359 3903 397 3963 (3)
417 3931 449 3942 -
473 3909 606 3953 conuitium
627 3907 658 3953 N.
696 3905 735 3966 (l)
753 3929 787 3945 a·
804 3907 902 3969 Agebat
920 3908 949 3954 N.
987 3904 1026 3966 (l)
1045 3921 1085 3951 oe.

89 3974 172 4048 eoepit]
196 3978 227 4024 N.
269 3977 386 4034 (Verbum
404 3979 496 4023 mediae
518 3978 589 4024 aetati
609 3991 683 4034 paene
705 3979 812 4036 ignotum
837 3984 860 4022 ct
884 3978 1023 4033 saepissime
1044 3977 1086 4021 ob·-

90 4038 202 4096 lrteratutn
223 4044 390 4106 interpolatori
414 4048 486 4100 tribui
523 4049 583 4093 baud
614 4045 714 4105 polest)
747 4069 781 4084 -
811 4048 891 4108 eoepit
914 4047 944 4098 P,
964 4047 993 4094 ll.
1014 4062 1037 4104 p.
1058 4048 1085 4092 S.
