2796 4746
1051 286 1113 350 233

150 431 233 500 Cras
254 441 355 511 emet,
393 429 448 516 qui
476 448 635 515 uunquam
658 427 796 506 amavit3
833 428 952 515 quique
974 426 1111 506 amavit,

738 553 809 596 cras
832 545 928 596 amet.
1072 532 1113 594 80

93 644 190 707 Ecce
210 639 271 704 ism
294 660 390 724 super
411 649 559 724 geuestsr
580 637 741 720 explicant
762 636 845 700 tauri
855 617 968 700 xlutus:

94 745 247 826 Quisque
269 756 374 820 tutus,
400 765 465 828 quo
488 755 635 818 tenetur,
659 741 820 826 coniugali
842 741 990 806 foedere.

97 851 225 913 Subter
247 851 376 912 umbras
400 869 470 910 cum
492 845 614 909 maritis
636 867 710 908 ecce
733 846 893 909 balantum
917 867 1057 931 greges:

50 1004 57 1012 ,
93 955 145 1017 Et
168 973 303 1017 canoras
326 973 391 1016 non
412 963 519 1014 tacere
542 949 626 1014 Diva
647 948 739 1012 iussit
761 949 863 1012 alites.

94 1058 172 1120 Iam
195 1055 347 1141 loquaces
370 1075 428 1118 ore
450 1075 550 1116 reuco
572 1064 684 1138 stagna
706 1051 805 1137 cygni
826 1064 1046 1136 perstrepunt.
1070 1055 1110 1118 85

96 1163 248 1225 Assonat
272 1157 370 1222 Terei
390 1157 495 1240 puella
518 1159 629 1220 subter
652 1158 793 1219 umbram
814 1155 945 1240 populi,
1103 1165 1106 1172 ’

96 1265 149 1328 Ut
170 1274 263 1345 putes
287 1274 392 1326 motus
415 1261 532 1325 amoris
555 1281 613 1324 ore
635 1258 698 1323 dici
720 1260 841 1324 musico

96 1369 147 1430 Et
170 1387 268 1450 neges
291 1364 382 1449 qureri
404 1385 551 1428 sororem
573 1367 611 1426 de
633 1362 748 1428 marito
771 1366 927 1429 barbaro.

96 1471 165 1534 Illa
187 1455 310 1532 santet:
334 1489 393 1532 nos
417 1479 571 1532 tacemus.
616 1467 753 1548 Quando
776 1488 835 1530 ver
856 1468 943 1531 venit
963 1468 1090 1534 meum?

97 1574 242 1654 Quando
265 1571 378 1636 seciam
400 1572 447 1634 uti
470 1569 646 1647 Chelidon,
671 1583 706 1634 ut
727 1581 835 1635 tacere
858 1571 1025 1636 desinam?
1069 1574 1111 1640 90

96 1674 234 1742 Perdidi
255 1675 385 1738 Musam
406 1677 561 1756 tacendo,
592 1694 651 1737 uec
673 1695 722 1738 rue
745 1676 899 1740 Phoebus
920 1676 1067 1759 respicit.

96 1779 157 1844 sie
178 1780 348 1870 Amyclas,
371 1800 468 1862 quum
489 1788 654 1856 tacerent,
678 1777 817 1860 perdidit
838 1779 1009 1844 silentium.

141 1881 226 1948 Cres
249 1894 355 1963 amet,
394 1880 454 1970 qui
475 1903 641 1968 uunquam*
657 1882 793 1960 emavit3
833 1887 952 1970 quique
974 1883 1108 1965 amavit,

735 2009 806 2051 eras
829 1999 925 2054 amet.

155 2189 198 2239 78.
217 2189 290 2238 Hune
306 2205 385 2253 eger,
405 2205 479 2252 quum
494 2191 639 2250 parturiret
657 2191 732 2247 ipse,
750 2204 774 2239 s.
795 2204 819 2237 s.
842 2192 883 2237 W.
921 2187 963 2238 81.
992 2192 1109 2255 genistas

99 2265 145 2311 W.
162 2265 188 2312 S.
226 2259 268 2308 ⁸3.
288 2276 395 2325 gregem
413 2265 440 2309 S.
479 2259 521 2308 9⁰.
542 2267 569 2307 ut
588 2257 707 2306 Chelidon
724 2262 767 2308 W.
