2796 4746
492 979 1072 1179 [iprensis.

696 1274 700 1282 ,
722 1265 908 1278 ,---

308 1391 551 1458 PRISCIANI
585 1392 787 1458 CARMEN
823 1394 886 1458 DE
919 1389 1218 1457 PONDERIBUS
1252 1392 1314 1456 ET

691 1507 930 1571 MENSURIS

795 1670 836 1710 ΑΒ

308 1726 487 1827 ALOIISIO
507 1770 746 1828 ANGELONIO
766 1772 790 1828 E
812 1770 903 1829 COD.
925 1769 1048 1829 REGIO
1062 1771 1101 1827 N.
1116 1769 1312 1828 VIIMCCXI.

497 1874 698 1934 VERSIBUS
717 1875 849 1931 XXXII.
872 1873 1127 1933 SUPPLETUM.

371 2064 509 2126 Easdem
531 2064 601 2128 iere
624 2086 662 2127 ac
684 2064 892 2130 Germanicus
910 2063 1140 2128 vicissitudines
1162 2075 1311 2146 expertus

307 2177 356 2229 est
377 2167 553 2246 Prisciani,
586 2189 678 2252 quem
702 2170 828 2275 dicunt,
853 2167 978 2232 libellus
1001 2169 1041 2230 de
1062 2166 1261 2249 ponderibus
1282 2179 1312 2231 et

307 2271 481 2347 mensuris,
506 2294 603 2356 quum
619 2273 683 2337 hoc
704 2295 833 2357 quoque
849 2293 908 2354 per
922 2272 1047 2335 scholas
1061 2282 1228 2334 uterentur
1247 2292 1312 2333 me-

307 2373 377 2439 diae
400 2374 511 2439 aetatis
525 2375 688 2461 magistri,
713 2397 848 2460 eumque
863 2396 922 2439 suo
938 2375 1094 2438 arbitratu
1108 2377 1205 2439 modo
1221 2374 1310 2438 aliter

188 2497 200 2513 r
307 2477 534 2561 disponerent,
555 2483 654 2544 modo
669 2483 882 2544 decurrerent.
926 2478 1060 2542 Exstitit
1076 2499 1178 2560 nuper
1193 2479 1310 2543 doctis·

306 2581 403 2646 simus
425 2583 610 2668 philologus
633 2587 809 2670 Huugarus
832 2584 945 2668 Steph.
969 2582 1093 2646 Ladisl.
1116 2582 1307 2658 Endlicher,

306 2685 362 2769 qui
384 2707 455 2748 eum
478 2707 494 2750 e
512 2686 598 2752 Cod.
621 2688 775 2752 Bobiensi
796 2690 894 2774 longe
909 2687 1084 2752 auctiorem
1107 2689 1214 2750 ederet
1228 2687 1312 2751 Viu-

307 2791 455 2852 dobonae
494 2791 590 2854 1828.
648 2793 695 2855 At
724 2814 800 2856 casn
827 2793 945 2856 facttum
974 2803 1042 2868 est,
1080 2801 1114 2852 ut
1145 2789 1313 2875 ignoraret

306 2893 462 2956 XXXII.
487 2894 567 2958 alios
603 2896 643 2956 ab
670 2894 727 2973 iis,
766 2877 850 2984 qnos
876 2894 947 2978 ipse
973 2906 1050 2977 post
1070 2893 1235 2959 Denisium
1260 2919 1312 2961 ec·

307 2996 446 3060 curatius
470 2997 578 3075 edidit,
604 3000 779 3065 versiculos
801 3009 873 3063 ante
904 3000 965 3062 hos
987 2997 1101 3082 viginti
1124 3019 1225 3062 annos
1247 3001 1314 3083 pri-

306 3121 390 3162 mum
413 3098 444 3162 in
469 3102 570 3166 lucem
594 3115 778 3186 protractos
800 3125 869 3168 esse
892 3124 909 3168 e
933 3101 1016 3169 cod.
1031 3103 1139 3185 Regio
1155 3104 1199 3166 N.
1216 3105 1313 3168 7211.

307 3203 381 3266 olim
406 3202 620 3284 Colbertino,
645 3208 802 3272 Gnidonis
817 3206 943 3272 Aretini
957 3205 1076 3288 scripta
1092 3204 1208 3270 musica
1224 3230 1314 3273 corn-

305 3306 481 3389 plectente,
517 3332 535 3374 a
563 3313 661 3376 docto
695 3313 805 3390 Italo,
843 3309 982 3393 Aloysio
1004 3311 1214 3395 Angelonio,
1250 3314 1316 3376 hoe

305 3410 336 3474 in
359 3411 464 3475 libro:

371 3521 508 3600 „Sopra
528 3521 563 3582 la
583 3520 674 3598 uita,
698 3523 729 3584 le
747 3541 868 3602 opere,
900 3519 944 3583 ed
960 3518 986 3581 il
1004 3539 1127 3601 sapere
1144 3517 1181 3580 di
1202 3519 1314 3582 Guido

306 3619 336 3682 d’
355 3621 508 3696 Arezzo‚
543 3635 779 3687 restauratore
806 3624 898 3686 della
929 3621 1068 3686 scienza
1096 3645 1114 3684 e
1136 3620 1213 3685 dell’
1236 3635 1315 3686 arte

181 3811 184 3817 Ι
307 3724 462 3796 musicas
479 3725 728 3800 dissertaeione
748 3727 785 3790 di
801 3725 901 3812 Luigi
924 3725 1103 3810 Angeloni‚
1128 3724 1315 3790 Frusinate.

306 3827 345 3890 si
373 3832 391 3888 e
422 3829 596 3912 aggiunta
621 3851 645 3892 a
665 3843 787 3916 questa
813 3829 1065 3920 dissertnziqne
1086 3849 1158 3891 una
1180 3832 1318 3893 novella

306 3931 462 3996 edizione
491 3931 541 3996 d'e¹
566 3934 655 3998 uersi
683 3935 784 3998 tarint
811 3954 918 4016 sopra
945 3933 958 3995 i
982 3933 1059 4015 pesi
1089 3935 1160 3996 ele
1183 3932 1315 3995 miseere

306 4033 358 4099 de'
380 4033 530 4104 Romani
550 4059 569 4100 e
590 4037 626 4100 in
643 4051 747 4122 parde
768 4060 876 4102 arceor·
897 4039 948 4103 de’
971 4037 1074 4103 Greci
1095 4036 1134 4101 di,
1155 4036 1199 4117 Q.
1225 4037 1314 4100 Ren-
