2788 4772
1067 347 1107 408 tt

233 509 249 550 a
273 485 445 549 Vincentio
469 483 521 548 vel
544 505 560 546 a
583 483 728 568 Rigaltio
750 488 801 547 vel
824 507 841 548 a
864 487 972 552 Gndio
997 485 1048 550 vel
1070 487 1109 548 ab

230 589 277 653 his
306 590 452 653 omnibus
483 581 663 677 διαρῥὴδην
690 585 765 682 buin
794 585 908 653 codici
943 588 1108 653 tribuitur.

96 715 132 778 g.
157 713 198 752 =
230 693 400 768 Varietas,
435 711 518 775 qnae
541 709 558 751 a
578 689 685 754 Gndio
700 692 773 754 solo
788 691 833 754 sie
847 703 993 756 notatur:
1016 694 1111 763 Mes

235 795 289 880 qni
310 807 413 858 tamen
442 795 540 874 liber,
567 793 607 855 'ut
629 790 788 875 praedixi,
821 793 900 858 alius
921 815 939 858 a
961 793 1112 858 Remensi

231 919 300 961 esse
323 895 444 982 nequit.

20 1011 23 1018 '
97 1001 144 1066 D.
168 1017 209 1056 =
232 1002 337 1065 Vetus
359 1000 503 1066 Danielis
526 999 689 1063 chartula:
713 1001 884 1083 eademqne
908 997 995 1066 Cod.
1013 999 1110 1064 Peta-

230 1102 363 1181 vianns,
386 1104 585 1180 Vossianus,
612 1104 754 1166 Schedae
777 1103 915 1187 Regiae.

96 1206 143 1270 N·
166 1235 207 1274 =
231 1205 346 1274 Codex
369 1206 497 1270 Nicolai
520 1206 667 1283 Perotti,
700 1227 742 1269 ex
770 1207 832 1268 fide
854 1205 1000 1270 Iannellii
1022 1209 1112 1268 dnm-

227 1319 334 1387 taxat,
356 1349 359 1356 ·
378 1308 502 1373 ratione
531 1310 636 1373 habita
669 1310 762 1373 etiam
795 1310 991 1374 Schedarum
1020 1307 1110 1373 Dor·

229 1412 443 1478 villianarnm.
496 1415 568 1476 Hae
600 1412 654 1476 ubi
686 1411 760 1477 falsi
790 1413 910 1496 aliquid
942 1411 1110 1489 exhibent,

229 1514 416 1596 simpliciter
437 1516 469 1580 in
491 1516 671 1598 parenthesi
694 1514 811 1579 adiecit
844 1517 887 1578 N.
910 1517 988 1595 (non
1013 1560 1023 1578 .
1048 1557 1059 1580 .
1084 1519 1109 1596 .)

99 1618 144 1682 A.
166 1637 207 1677 ’.ε
230 1620 420 1700 Anonymns
442 1617 588 1682 Nilantii.

99 1743 133 1802 p·
166 1751 206 1788 =
230 1721 339 1784 Editio
362 1720 512 1804 princeps
538 1720 730 1786 Pithoeana.

101 1825 134 1887 S.
165 1855 205 1892 =
230 1824 341 1888 Editio
365 1824 591 1890 Schwabiana.
636 1824 755 1890 Cetera
777 1825 964 1908 compendia
992 1847 1053 1908 per
1075 1846 1109 1889 se

231 1925 466 2011 intelliguntur.

164 2069 274 2150 Quum
305 2069 473 2151 typotheta
503 2090 521 2131 a
555 2089 605 2133 me
637 2071 832 2152 postularet,
866 2081 900 2132 ut
929 2067 1111 2152 longiorem

101 2171 194 2234 etiam
227 2172 394 2234 redderem
427 2173 508 2234 hano
537 2171 787 2255 praefationem,
825 2195 893 2236 rem
927 2173 1009 2235 enim
1037 2171 1111 2235 sore

100 2295 238 2354 prorsus
259 2275 428 2339 inauditam
452 2297 489 2338 ac
511 2274 639 2358 pessimi
662 2275 818 2358 exempli,
848 2275 876 2338 si
904 2275 1030 2361 pagella
1053 2295 1111 2378 vas

102 2389 207 2457 earet,
237 2399 299 2464 ego
321 2378 398 2441 nibil
420 2380 593 2442 addendum
616 2375 794 2442 habui‘nisi

229 2519 380 2584 Nrconar
402 2519 557 2584 Peaorrr
579 2541 621 2582 an
644 2521 810 2584 Prsarum
833 2520 1004 2583 Neroram

511 2643 703 2688 raonoounr.

234 2747 309 2808 Non
331 2755 405 2808 sunt
425 2745 459 2808 hi
480 2744 559 2822 mei,
585 2765 666 2828 quos
688 2756 801 2828 putas,
826 2743 994 2823 versiculi,

188 2849 253 2912 Sed
275 2846 400 2930 Aesopi
422 2858 514 2923 sunt,
547 2846 667 2910 Avieni
690 2859 722 2911 et
743 2849 903 2912 Phaedri:

189 2953 283 3031 Quos
306 2949 442 3035 collegi,
465 2962 501 3013 ut
522 2961 645 3025 essent,
669 2951 818 3030 Pyrrhe,
842 2949 936 3016 utiles
958 2950 1036 3025 tibi,

190 3056 328 3136 Tuaqne
351 3074 445 3116 eausa
467 3053 592 3135 legeret
612 3053 784 3134 posteritas
909 3099 910 3106 κ

156 3157 159 3164 ’
190 3158 284 3236 Quas
308 3149 477 3218 edidissent
499 3154 561 3217 viri
584 3156 690 3228 docti,
713 3154 850 3219 fabulas.

190 3259 321 3322 Honori
343 3269 374 3322 et
396 3256 516 3322 meritis
539 3257 645 3320 dicavi
666 3257 739 3321 illos
761 3259 822 3321 tuis

190 3363 293 3442 Saepe
316 3359 494 3425 versiculos
517 3359 722 3442 interponens
744 3382 855 3440 meos,

194 3463 354 3542 Quasdam
376 3462 439 3524 tuis
462 3463 552 3545 quasi
572 3463 699 3526 insidias
721 3463 869 3538 auribns3

193 3565 285 3628 Solet
305 3564 425 3647 quippe
446 3563 555 3627 iuvare
577 3564 638 3627 ista
666 3565 815 3634 varietas.

190 3667 262 3732 Hos
285 3665 313 3730 si
333 3669 442 3752 leges,
466 3667 630 3744 laetabor,
655 3668 703 3730 sin
726 3681 828 3734 autem
851 3671 951 3735 minus

189 3769 363 3832 Habebunt
384 3780 490 3847 certe,
514 3790 580 3854 quo
603 3792 637 3833 se
660 3772 839 3852 oblectent,
864 3774 1000 3856 posteri.

190 3873 284 3936 Nune
307 3871 485 3934 fabularum
509 3894 570 3934 cur
592 3872 638 3935 sit
660 3873 832 3940 inventum
854 3899 967 3960 genus

192 3975 290 4039 Brevi
311 3977 460 4040 docebo:
484 3974 643 4040 Servitus
662 3979 815 4041 obnoxia
