2796 4746
295 353 336 418 db

356 494 403 575 (i)
427 496 627 580 „Perpcram
651 495 771 562 Critici
790 488 881 561 aiunt¹
901 499 1045 564 codicem
1062 500 1205 565 Danielis
1226 503 1287 565 ha-

293 596 399 662 buisse
412 600 554 682 sugiem
566 618 578 683 3
614 621 749 686 namque
777 601 825 666 ibi
854 606 893 666 ab
916 601 1024 666 eadc'in
1047 616 1173 668 vetusta
1194 627 1289 668 manu

293 698 472 786 corrigitur
493 701 682 786 effigiem.''
707 705 799 768 Mur.
844 707 892 786 (7)
915 708 1108 787 venantum]
1125 743 1166 753 -
1191 730 1288 773 verru-
1357 773 1362 783 ⁸

294 813 367 869 tum
381 804 426 867 D.
471 804 519 884 (8)
542 805 651 868 Habet
668 807 734 883 D.,
757 820 792 870 ut
811 819 944 872 testatus
963 821 1011 873 est
1033 810 1206 874 Heinsius:
1231 813 1289 875 de-

220 907 223 914 “
296 905 385 970 disse
408 925 524 970 rocem
545 908 647 971 hanc.

359 1007 560 1071 Finitlll.
605 1010 654 1088 (1)
679 1007 760 1092 Qui]
783 1035 932 1096 —quete
948 1013 992 1076 D.
1037 1009 1124 1076 Ibid.
1139 1005 1283 1095 gaudet]
1317 1037 1325 1047 ·

253 1185 256 1192 Ι
294 1143 333 1154 -·-
355 1109 509 1194 gaudent
532 1110 577 1173 D.
643 1113 691 1192 (2)
727 1115 808 1177 Fere
830 1115 888 1177 dut
908 1136 1036 1197 poenos
1057 1119 1153 1194 turpi
1170 1115 1285 1194 poeni-

206 1289 210 1296 Ι
295 1212 415 1292 tentia]
438 1247 479 1256 -·
501 1215 605 1278 Serae
628 1213 711 1275 dant
730 1219 860 1294 poenus
882 1218 978 1296 turpi
995 1217 1225 1296 poenitentiae
1239 1213 1282 1275 D.

295 1315 373 1390 „Ita
396 1312 483 1378 Cod.
529 1315 706 1395 Perpcram
730 1323 812 1397 ergo
832 1313 939 1377 critici
961 1326 1086 1378 veteres
1105 1313 1231 1376 aiebant
1252 1335 1283 1377 sc

294 1417 411 1502 legisse
435 1419 520 1500 apud
537 1427 683 1480 nostrum
705 1417 791 1480 Sera
812 1415 895 1478 dunt
915 1438 1045 1496 poenus
1062 1419 1193 1497 turpeis
1208 1439 1284 1498 poe·

295 1523 449 1584 nitentia.
493 1519 584 1583 Male
602 1519 677 1583 item
695 1515 846 1601 legebant
860 1515 940 1595 fere
962 1505 1024 1598 pro
1043 1521 1172 1582 serue.”
1196 1519 1282 1579 Mat.

293 1623 418 1685 Verum
447 1644 527 1708 quae
559 1621 599 1684 sit
630 1621 761 1685 huiusce
791 1617 943 1681 versiculi
970 1619 1189 1694 constructio,
1223 1641 1285 1683 non

294 1724 389 1788 dixit.
436 1725 576 1790 Omnino
609 1724 823 1808 corrigendus
849 1733 918 1784 erat
937 1745 1018 1800 ¹cum
1039 1722 1197 1798 Heinsio,
1230 1721 1284 1808 qui

291 1828 325 1892 in
346 1829 516 1893 referenda
536 1827 676 1905 lectione
693 1827 738 1892 D.
762 1847 849 1890 suam
873 1823 970 1887 tacite
993 1825 1166 1916 inuniscuit
1181 1847 1282 1890 enien-

294 1930 475 1996 dationem:

445 2043 501 2115 Qui
516 2064 547 2096 sc
565 2046 679 2098 laudari
697 2043 805 2114 gaudet
827 2043 923 2096 verbis
943 2043 1083 2109 subdolis,

444 2140 530 2192 Serae
550 2141 601 2192 dat
616 2155 724 2212 poenas
743 2148 840 2210 turpes
859 2143 1057 2211 poenitentiae.

357 2260 517 2325 Praesero
536 2261 607 2324 scil.
630 2284 671 2325 ex
692 2259 836 2326 Phaedri
867 2281 958 2323 more
985 2255 1149 2323 numerum
1177 2260 1283 2344 singu·

294 2364 406 2428 larem.
452 2366 501 2445 (5)
524 2368 647 2448 Vulpes
658 2366 749 2426 hunc
766 2362 859 2443 vidit]
885 2396 918 2408 -
946 2366 1069 2447 Vulpes
1088 2365 1224 2428 stridit
1243 2367 1278 2428 D.

294 2468 368 2542 „Ita
393 2466 478 2535 Cod.
522 2469 569 2529 At
592 2486 689 2547 supra
711 2475 743 2527 ct
762 2463 849 2527 infra
871 2469 1015 2549 oulpis.''
1050 2467 1141 2529 Mat.
1198 2467 1283 2530 lbid.
1396 2513 1397 2518 ,

294 2572 403 2634 Habet
420 2592 456 2633 re
481 2591 559 2632 vera
580 2569 644 2644 D.,
681 2578 716 2629 ut
733 2577 865 2630 testatus
887 2581 935 2632 est
957 2566 1128 2632 Heinsius:
1170 2569 1285 2634 deinde

292 2674 365 2752 sic,
388 2694 454 2736 non
477 2675 595 2740 dehinc
618 2676 680 2735 sic.
745 2673 794 2750 (b)
817 2676 844 2736 0
866 2673 929 2756 qui
948 2708 965 2719 -
979 2706 992 2720 ·
1018 2672 1225 2753 pennarum]
1249 2657 1297 2716 ἔ

294 2793 314 2836 ο
334 2776 413 2855 quis
428 2811 443 2821 -
457 2810 471 2820 -
487 2779 671 2856 pinnarum
688 2773 733 2836 D.
779 2776 828 2854 (7)
850 2771 997 2850 decoris]
1013 2806 1054 2817 —
1075 2773 1233 2838 decorem
1242 2775 1285 2837 D.

291 2874 340 2954 (9)
362 2873 402 2940 At
427 2873 653 2954 manutius,
688 2874 768 2938 dum
801 2876 872 2937 vuit
895 2894 1013 2937 vocem
1036 2875 1222 2956 ostendere]
1246 2908 1285 2918 -

291 2977 331 3037 tt
352 2975 412 3038 itte
435 2975 516 3037 dum
537 2977 642 3038 etium
665 2995 780 3037 vocem
804 2977 877 3038 vuit
897 2998 928 3038 o.
952 2974 997 3036 D.
1053 2976 1122 3054 (10)
1151 2979 1284 3058 Emisit]

293 3075 360 3150 „D.
385 3078 544 3138 tutiorem
565 3078 685 3139 emisit.
721 3076 786 3138 Sed
806 3077 966 3142 latiorem
981 3075 1078 3141 obelo
1095 3077 1213 3142 ibidem
1229 3103 1286 3144 ex·

291 3175 482 3262 pungitur.”
499 3176 597 3238 »Min
622 3174 677 3238 Sic
689 3177 845 3239 sublatum
858 3189 905 3241 est
920 3177 1177 3266 dubiun1‚‚quod
1192 3183 1284 3264 prius

291 3281 484 3344 inhaeserat.
526 3277 610 3358 ,(19)
632 3279 720 3341 Tum
739 3278 874 3343 demum
891 3314 904 3326 -
923 3315 938 3328 -
955 3269 1132 3362 praevolet
1152 3287 1284 3366 supien-

138 3420 140 3427 ·
180 3461 181 3464 Ἴ
293 3381 358 3464 tiu]
384 3385 453 3447 Pro
472 3381 524 3443 his
544 3381 589 3443 D.
616 3380 697 3440 hacc
718 3381 815 3442 habet
841 3377 987 3467 ἄμετραι
1035 3384 1130 3448 Tunc
1149 3383 1283 3446 demum

291 3485 458 3567 ingemuit
480 3502 621 3547 corvus:
646 3502 709 3542 cur
723 3480 850 3543 dolosis
857 3482 987 3562 fuisset
1003 3481 1163 3563 deceptus
1172 3482 1281 3562 fruu-

292 3583 386 3647 dibus
410 3593 447 3646 ut
470 3585 626 3664 ignavus.
670 3582 721 3642 De
744 3579 824 3643 mira
840 3581 997 3658 lectione,
1020 3605 1114 3668 quam
1130 3581 1282 3644 Heinsius
1392 3589 1393 3610 ³

291 3685 321 3746 in
337 3684 381 3747 D.
402 3682 464 3745 sibi
480 3681 639 3764 reperisse
658 3682 742 3746 visus
757 3694 823 3747 est:
848 3685 1001 3750 cerdonis
1020 3685 1139 3765 dolos,
1161 3685 1280 3747 nullum

290 3788 378 3850 adest
396 3784 579 3870 vestigium.
812 3832 827 3848 -.

351 3889 436 3953 Fan.
458 3889 577 3952 XVII.
623 3888 671 3968 (1)
694 3891 862 3972 malefice]
886 3923 926 3936 -
950 3891 1122 3970 maleficii
1142 3891 1187 3954 D.
1233 3892 1280 3972 (3)

292 3994 398 4056 Habet
421 3993 465 4055 D.
490 4013 525 4053 re
549 4012 622 4053 vcra
645 3995 889 4058 cornmodusse.
932 3996 987 4073 (5)
1009 3991 1140 4071 Deberi]
1165 4025 1206 4038 ·-
1229 3999 1279 4062 de·
