2788 4772
1064 387 1105 448 83

93 523 148 585 Sic
172 525 259 586 nulla
281 521 473 608 possidebit,
500 527 587 608 qnod
607 524 705 588 luerit
727 529 849 602 datum,
1063 528 1104 589 lt

90 626 134 688 Et
158 625 277 688 dietam
302 627 396 690 matri
418 627 585 690 conserent
606 627 769 709 pecuniam

87 729 144 790 Ex
168 729 278 809 pretio
301 749 427 806 rerum,
452 751 530 813 quas
552 729 752 794 vendiderint
773 731 931 816 singulae.

131 831 184 892 Ita
210 833 298 913 quod
321 833 491 896 rrrrrltorum
514 833 599 916 sugit
619 832 850 914 inprudentiam

88 932 194 996 Unius
219 933 356 997 hominis
379 935 523 1016 repperit
544 934 700 999 sollertia.

512 1153 602 1216 [ran
631 1153 693 1214 vn]

174 1303 339 1368 PUGNA
362 1303 561 1370 MURIUM
582 1305 644 1368 ET
668 1303 1015 1372 MUSTELARUM.

130 1443 249 1522 Quum
266 1442 341 1505 victi
364 1463 469 1505 mures
492 1443 693 1506 mustelarum
717 1444 863 1509 exercitu

88 1544 254 1623 (Historia
277 1566 414 1628 qnorum
438 1545 470 1607 in
493 1544 633 1607 tabernis
655 1545 815 1630 pingitur)

87 1649 261 1732 Fugerent
282 1661 312 1710 et
337 1660 425 1710 artos
447 1647 566 1710 circum
589 1647 785 1730 trepidarent
807 1670 925 1728 cavos,

87 1750 200 1834 Aegre
224 1750 348 1831 recepti
369 1759 473 1811 tamen
495 1762 664 1812 evaserunt
684 1769 808 1816 necemr

38 1889 42 1903 ·
86 1851 198 1916 Duces
222 1874 354 1926 eorum,
379 1851 434 1936 qui
456 1851 612 1934 capitibus
635 1873 757 1917 cornua

88 1955 159 2017 Suis
183 1955 342 2038 ligarunt,
366 1969 400 2018 ut
424 1955 628 2036 conspicuum
651 1954 682 2017 in
705 1949 834 2038 proelio

88 2059 260 2120 Haberent
282 2057 422 2141 signnm,
449 2061 537 2141 qnod
558 2065 769 2142 sequerentur
792 2060 922 2135 milites,-

88 2160 236 2224 Haesere
259 2160 288 2223 in
313 2161 415 2241 portis
438 2172 575 2244 suntque
598 2160 683 2242 capti
706 2161 744 2222 ab
764 2161 929 2237 hostibusne
993 2194 997 2209 ι

90 2263 181 2340 Quos
204 2263 386 2327 immolatos
410 2263 515 2327 victor
538 2263 637 2352 avidis
660 2262 806 2326 dentibus

88 2364 233 2447 Capacis
257 2366 320 2428 alvi
343 2365 451 2428 mersit
474 2376 615 2430 tartareo
639 2387 751 2448 specu.
894 2432 896 2436 ,
1061 2371 1102 2430 10
1129 2361 1131 2370 ’

132 2470 365 2552 Quemcunque
387 2471 541 2550 populum
564 2468 661 2531 tristis
684 2477 816 2532 eventus
838 2468 978 2554 premite

92 2571 302 2634 Periclitatur
323 2571 508 2656 magnitudo
530 2571 725 2653 principum:

92 2672 221 2739 Minuta
243 2674 355 2756 plebes
377 2671 465 2736 taciti
485 2673 647 2756 praesidio
670 2675 759 2739 latete

507 2892 603 2954 [ran.
622 2890 698 2953 vin]

462 3042 729 3107 PHAEDRUSa

136 3177 205 3260 Tu,
231 3179 304 3268 quii,
329 3193 457 3259 nasute,
482 3185 601 3264 scripta
623 3182 787 3266 distringis
810 3195 878 3246 meet

95 3275 137 3347 Et
157 3289 222 3352 hnc
244 3286 390 3351 incorum
411 3287 520 3370 legere
542 3277 663 3350 fastidis
686 3307 804 3370 genus,

96 3385 202 3451 Parva
224 3389 367 3452 libellum
390 3389 509 3451 sustine
531 3389 700 3470 patientia,

97 3487 304 3556 Severitatem
326 3491 442 3556 frontis
465 3495 537 3554 dum
561 3493 656 3574 placo
681 3495 755 3556 tuae

96 3701 118 3742 Ρ.
148 3693 173 3737 Sa
194 3707 227 3728 a
248 3693 366 3738 Edictum
382 3683 413 3740 Pa
434 3695 464 3743 R.
506 3692 564 3753 (ll)
594 3691 649 3754 Ex]
667 3709 690 3752 pa
722 3696 746 3742 S.
767 3713 799 3730 -”-
826 3693 860 3741 Et
886 3685 918 3740 lla
936 3693 983 3748 ille
1002 3689 1031 3740 ll.
1051 3706 1100 3740 nou

97 3764 207 3877 consiliii
225 3835 268 3878 Vl.
307 3830 344 3887 (2)
363 3843 510 3892 *quornm
529 3830 576 3878 *in
591 3821 735 3890 teberntsp.
756 3860 789 3868 —
808 3833 957 3896 Querumt'n
970 3833 1020 3878 lnb.
1037 3831 1098 3879 hirta

97 3895 348 4016 dilissgiiurpfilgast’
385 3901 425 3962 (lt)
444 3913 477 3939 -ὰ
495 3905 570 3965 aegri
587 3903 617 3948 R.
637 3919 650 3947 a
669 3919 708 3960 pr.
727 3919 760 3948 m.
799 3901 854 3964 (13)
871 3901 967 3964 plebea]
987 3919 1010 3960 p.
1026 3906 1051 3948 S.
1066 3920 1101 3938 -··

97 3976 112 4021 P
148 4003 219 4086 Fara·
236 4005 291 4087 Vll.
329 4040 371 4100 (ln
397 4043 484 4088 tilulo:
511 4031 641 4088 FEDRVS
659 4042 701 4097 P.)
735 4041 773 4098 (l)
801 4041 950 4104 distringis]
966 4045 996 4089 P.
1015 4057 1040 4100 pa
1061 4058 1096 4076 ὦ
