2768 4750
68 456 135 519 Hic
157 476 176 519 e
199 449 375 536 conspectu
398 473 495 537 qrrsrm
517 451 617 536 patris
637 459 833 526 recesserat,

67 557 276 622 Verberibus
299 577 412 622 servos
435 555 590 618 afficiebat
612 555 757 639 plurimis

66 665 113 728 Et
136 663 314 725 exercebat
334 660 489 726 fervidam
514 659 775 722 adolescentiam.

65 768 223 848 Aesopus
247 787 329 852 ergo
351 776 459 828 narrat
481 766 546 828 hoc
568 763 711 826 breviter
734 762 823 825 seni:

67 869 208 950 Quidam
232 870 369 934 iuvenco
392 868 534 931 vetulum
558 868 751 951 adiungebat
773 868 920 934 bovem.'

66 974 102 1056 Is
124 997 246 1058 qrrum,
269 973 433 1056 refugiens
456 971 572 1054 impari
593 971 680 1034 collo
701 970 830 1054 iugum,

66 1078 198 1140 Aetatis
222 1089 390 1140 excusaret
413 1075 499 1139 vires
522 1073 706 1159 languidas:

67 1183 148 1244 Non
172 1193 240 1258 est,
266 1183 353 1266 quod
376 1224 386 1244 .
405 1225 414 1244 .
434 1225 443 1244 .
462 1224 472 1244 .
490 1201 543 1254 as,
566 1177 671 1260 inquit
694 1172 740 1241 illi
762 1177 921 1241 rusticus:

67 1287 166 1362 Non,
193 1297 229 1347 ut
249 1286 260 1347 l
277 1287 324 1348 .b
342 1327 526 1348 ........
538 1327 549 1359 ,
572 1285 628 1344 sed
649 1292 686 1344 ut
706 1280 802 1344 istum
826 1284 936 1344 domes
1046 1284 1087 1344 tu

70 1431 451 1453 .............
470 1409 513 1449 uu
535 1386 653 1449 multos
676 1385 782 1447 reddit
804 1386 939 1450 debiles.

70 1493 146 1555 S..
172 1503 208 1555 tu
233 1491 306 1555 ..si
331 1502 444 1555 ..tum
468 1501 573 1553 tecum
597 1487 720 1551 assidue
744 1487 880 1565 retines,

70 1639 297 1660 .........
312 1594 438 1680 genium
457 1591 640 1674 comprimis
663 1591 850 1655 clementia:

71 1701 160 1762 ..de
184 1721 225 1762 ne
248 1698 380 1783 querela
402 1695 506 1760 maior
522 1705 685 1758 accrescat
706 1698 836 1759 domus.

68 1801 251 1868 Atrocitati
272 1801 480 1866 mansuetudo
503 1812 551 1863 est
572 1798 760 1863 remedium.

481 1999 579 2064 [ran.
597 2001 677 2063 su]

177 2153 389 2220 AESOPUS
411 2154 475 2217 ET
499 2150 685 2218 VICTOR
708 2151 971 2219 GYMNICUS.

134 2297 320 2382 Quomodo
348 2295 599 2380 comprimatur
627 2294 814 2378 aliquando
842 2295 1021 2360 iactantia.

112 2421 250 2495 †Forte
273 2419 431 2482 victorem
455 2415 594 2500 gymnici
615 2416 796 2480 certaminis

73 2521 301 2586 iactantiorem
325 2543 422 2604 quum
445 2520 609 2594 †vidisset
631 2522 804 2604 Aesopus,

73 2625 298 2710 interrogavit
318 2622 525 2706 †ampliusue
541 2625 750 2688 ,adversarius

72 2729 239 2793 Valuisset
260 2732 382 2805 †suus.
428 2729 507 2792 Ille:
532 2729 582 2792 Ne
604 2728 689 2792 istud
712 2729 849 2808 dixeris,

73 2831 183 2898 Multo
207 2834 299 2896 fuere
322 2833 408 2905 vires
430 2832 566 2896 maiores
589 2854 690 2897 meae.

74 2934 189 3015 Quod,
213 2935 334 3019 iuquit,
360 2957 462 3021 ergo,
487 2936 600 3011 stulte,
625 2937 768 3003 meruisti
789 2940 904 3015 decus,

74 3037 185 3102 Minus
212 3041 366 3112 valentem
390 3040 416 3102 si
437 3039 544 3102 vicisti
566 3039 711 3103 fortior?

75 3140 242 3206 Ferendus
264 3164 348 3206 esses
359 3131 370 3219 ,Α
391 3143 480 3206 forte
503 3144 529 3205 si
550 3153 582 3205 te
605 3143 726 3206 diceres

77 3242 269 3328 Superesse,
294 3245 382 3329 †qui
404 3257 488 3310 esset
509 3241 622 3310 melior
645 3245 778 3312 viribus.

77 3456 139 3500 anulo
160 3460 181 3505 1.
203 3461 234 3505 Ζ.
271 3456 326 3514 (12)
349 3468 389 3505 ω
413 3458 457 3504 Sic
475 3464 518 3515 iu,
542 3459 596 3503 nisi
620 3466 706 3504 nulum
726 3461 745 3506 1.
763 3461 793 3507 Z.
831 3461 889 3522 (13)
908 3464 928 3508 E
946 3465 1084 3521 promrtbio

76 3525 167 3573 ridetur
185 3531 355 3585 supplendum:
375 3527 507 3588 Feroxque
519 3530 659 3590 ingenium.
679 3541 718 3577 mo
735 3531 888 3593 Soeoumque
905 3535 1037 3596 ingenium
1053 3535 1082 3581 C.

67 3593 106 3638 'Z·
126 3622 159 3632 —
177 3601 305 3654 retinens,
333 3597 417 3644 Ferox
439 3599 571 3660 ingenium
597 3602 749 3658 comprimes
768 3603 872 3649 Dorvill.
897 3606 926 3650 Β.
955 3606 999 3661 (-
1016 3617 1084 3649 com·
1174 3638 1178 3656 .

74 3665 170 3720 primes
189 3672 261 3715 etiem
279 3669 322 3724 Z.)
358 3667 412 3726 (lt)
432 3669 493 3714 Vide
511 3683 542 3714 ne
561 3671 581 3716 l.
602 3671 632 3715 Ζ.

127 3737 186 3785 Fen.
206 3741 266 3786 xil.
304 3737 342 3792 (1)
360 3747 399 3785 me
417 3738 542 3785 Victorem
553 3738 626 3799 sorte
645 3742 666 3786 1.
687 3742 717 3787 Ζ.
754 3736 799 3803 (2)
816 3751 855 3790 oo
873 3757 947 3804 quum
970 3757 1027 3790 esee
1047 3745 1083 3790 ri-

79 3800 154 3854 dicaet
180 3808 275 3869 sophus
298 3808 328 3853 G.
355 3808 385 3852 Ζ.
411 3833 444 3844 -
471 3824 545 3870 quum
566 3809 673 3856 vidisset
690 3813 728 3858 vir
746 3807 799 3874 (rel
819 3811 923 3874 Phryx)
948 3813 1042 3873 eoplu'r
1061 3817 1082 3860 1.

78 3870 117 3928 (3)
131 3887 169 3926 ω
186 3881 312 3938 ampliene
331 3877 386 3926 ado.
396 3877 509 3925 humeris
522 3893 544 3925 r.
565 3881 595 3926 C.
610 3882 641 3926 Ζ.
662 3907 696 3916 -
715 3897 748 3926 on
762 3883 822 3940 plus
837 3883 894 3930 ndo.
914 3883 981 3930 som
993 3887 1042 3934 cul,
1060 3887 1082 3931 1.

82 3941 120 4005 (9)
136 3957 175 3996 ω
192 3951 281 3995 melior
299 3949 424 4008 quiesset
441 3951 470 3995 B.
492 3952 522 3996 Ζ.
541 3971 576 3985 ·-
593 3953 636 4011 qui
646 3949 747 4010 suisset
762 3954 851 3999 melior
869 3955 889 3999 l.
