2788 4772
530 643 627 703 [rso.
647 647 710 709 in]

343 791 586 857 SOCRATES
610 796 675 858 AD
698 795 892 863 AMICOS.

156 935 303 1017 Vulgare
327 934 417 996 sinici
441 955 571 1010 nomen,
597 939 653 998 sed
674 957 746 1000 rara
769 950 818 1000 est
839 940 929 1004 fides.

111 1038 220 1116 Quium
244 1059 358 1119 parvas
381 1039 473 1099 aedes
496 1037 555 1100 sibi
577 1039 740 1104 fundasset
763 1041 933 1118 Socrates,

112 1142 229 1222 (Cuius
254 1162 317 1205 non
338 1140 431 1226 sugio
455 1151 588 1204 mortem
612 1141 638 1205 si
659 1142 775 1208 fatuam
799 1147 977 1230 adsequar,

113 1250 162 1311 Et
183 1249 262 1311 cedo
284 1245 438 1322 invidiae,
463 1248 634 1309 durumodo
657 1248 809 1310 absolvar
831 1246 954 1329 einisz)

114 1353 172 1415 Ex
193 1349 316 1432 populo
339 1348 384 1412 sie
398 1349 514 1416 ‚nescio
537 1349 626 1430 quis,
650 1362 684 1410 ut
706 1350 776 1412 lieri
798 1352 900 1416 solet:
1101 1357 1120 1419 5

113 1457 265 1535 Quaeso,
290 1465 352 1515 tam
376 1463 538 1538 augustani
562 1449 634 1514 talis
657 1450 707 1513 vir
729 1452 821 1532 ponis
844 1455 997 1518 domum?
1111 1445 1115 1456 ’

112 1557 266 1630 Utinam,
290 1555 409 1640 inquit,
433 1554 518 1618 veris
541 1556 622 1616 hane
644 1554 750 1618 amieis
773 1554 937 1638 impleam!

531 1773 635 1835 [ran.
650 1774 702 1836 ιι.)

132 1909 295 1992 ronna
317 1926 380 1989 nn
410 1921 631 1988 cnnnnnn
655 1925 719 1988 ΕΤ
742 1924 840 1989 unu
864 1923 1098 1992 crunnus.

157 2065 380 2131 Periculosum
404 2075 453 2128 est
474 2067 606 2128 eredere
629 2076 659 2128 et
683 2085 748 2128 non
771 2067 916 2130 eredere.
966 2113 970 2122 .

109 2170 290 2253 Utriusque
313 2166 492 2248 exemplum
515 2164 658 2228 breviter
680 2187 837 2248 exponam
860 2171 920 2230 rei.

155 2271 355 2354 Hippolytus
379 2268 479 2347 obiit,
502 2268 574 2352 quia
598 2289 757 2332 novercae
779 2270 931 2336 creditum
955 2285 1022 2336 est:

110 2376 313 2440 Cassandrae
337 2373 495 2457 quianon
518 2371 687 2446 creditum,
713 2371 777 2434 ruit
798 2372 905 2436 Ilium.

110 2482 209 2562 Ergo
232 2477 428 2557 exploranda
450 2486 497 2538 est
520 2474 637 2538 veritas
660 2475 814 2552 multum,
838 2474 928 2557 prius
1097 2482 1117 2544 5

111 2584 218 2662 Quam
241 2580 335 2642 stulta
356 2599 456 2660 prave
479 2576 595 2641 iudicet
617 2576 786 2639 sententia.

112 2688 181 2750 Sed
202 2684 349 2746 sabulosa
373 2702 411 2744 ne
436 2691 591 2744 vetustate
614 2680 752 2755 elevem,

110 2789 264 2872 Narrabo
287 2785 345 2847 tibi
368 2784 521 2848 memoria
543 2785 630 2867 quod
651 2782 768 2846 facum
792 2796 839 2848 est
861 2807 942 2850 mea.

125 3015 127 3019 '
166 3010 225 3054 ras.
247 3009 281 3052 X.
319 3005 359 3066 (2)
385 3031 417 3042 --
442 3019 535 3063 ponam
559 3005 589 3050 N.
615 3005 658 3060 (-
677 3004 783 3050 breviter
807 3008 950 3064 exemplum
967 3021 1061 3065 ponem
1079 3010 1120 3056 rei

110 3077 211 3136 Burin.)
248 3075 284 3133 (3)
312 3101 345 3111 -
372 3073 526 3134 Hyppolilua
554 3075 583 3117 P.
604 3089 627 3130 p.
677 3072 764 3130 (lbid.)
782 3073 853 3134 obiit]
873 3075 904 3124 N.
922 3076 952 3120 P.
970 3079 996 3122 S.
1015 3103 1048 3112 -
1066 3079 1117 3124 obit

111 3153 142 3196 P.
162 3149 191 3193 ll.
228 3144 265 3204 (5)
284 3171 318 3180 -
336 3159 436 3202 semper
456 3145 533 3202 priua
556 3143 587 3188 Ν.
633 3139 670 3200 (6)
689 3140 722 3176 -’-
741 3145 973 3202 σίιιΙῑειρναναΝ.,
994 3153 1019 3190 ut
1034 3150 1116 3194 volue-

109 3225 152 3264 rat
169 3220 252 3264 Berua.
290 3215 329 3274 (7)
339 3211 463 3273 sabulosa
482 3229 512 3257 ne
530 3219 651 3257 vetustata
669 3211 770 3272 elevem]
790 3215 829 3258 Sic
850 3229 874 3270 p.
892 3216 955 3260 eoni.
976 3216 1016 3270 (R.
1033 3232 1046 3260 a
1065 3233 1115 3264 see.

112 3289 160 3343 m.)
179 3291 203 3332 S.
225 3311 257 3320 -
271 3283 393 3344 sabulosa
417 3299 448 3328 ne
470 3289 615 3328 vetustatem
636 3284 712 3326 levem
742 3282 797 3341 (sie)
822 3284 851 3328 P.
869 3284 900 3330 R.
923 3307 952 3317 -·-
964 3281 1115 3343 fabulosam

111 3374 144 3404 ne
161 3363 303 3402 uetustatem
328 3369 432 3400 neaerae
451 3354 482 3399 N.
501 3363 539 3400 oo
549 3349 697 3412 fabulosum
721 3367 752 3396 ne
773 3359 917 3398 volutatem
935 3356 1014 3401 elem
1035 3358 1126 3404 lleutl.¹

112 3428 152 3485 (8)
171 3449 204 3464 —-
223 3424 288 3485 quod
307 3426 430 3470 auctuario
456 3424 485 3468 N.
533 3421 568 3478 (9)
588 3447 620 3456 -
639 3420 751 3466 Maritus
769 3428 866 3466 carrum
884 3439 907 3482 q.
928 3424 958 3468 N.
979 3439 1009 3472 ex
1024 3429 1113 3472 versic.

113 3496 157 3544 14.
177 3494 234 3555 (10)
252 3515 286 3528 ·-
299 3509 393 3554 puram
410 3499 570 3551 compararer
588 3492 618 3536 N.
656 3489 712 3548 (11)
730 3491 863 3552 sedunus]
882 3493 912 3540 N.
933 3509 955 3548 p.
977 3497 1002 3539 s.
1015 3519 1047 3530 -
1065 3494 1116 3540 Sed

109 3574 180 3614 vetur
198 3567 226 3613 P.
246 3566 276 3608 R.
319 3563 402 3618 (lbid.)
428 3565 517 3608 liberto
537 3560 583 3620 ut]
608 3562 638 3606 N.
660 3562 738 3606 Bentl.
758 3564 784 3607 S.
805 3586 837 3598 -
858 3577 907 3607 orn.
929 3571 967 3608 eal
989 3565 1018 3610 P.
1038 3565 1068 3611 ll.
1088 3579 1112 3622 p.

111 3636 167 3694 (12)
185 3634 239 3680 der.
261 3633 347 3695 suffici
363 3632 401 3692 aa]
419 3635 474 3692 ng.
495 3633 569 3678 sunu.
590 3634 616 3676 S.
636 3655 669 3664 —
686 3630 712 3676 Ιι.
733 3630 861 3693 sufficione
883 3634 912 3678 P.
933 3635 963 3677 R.
985 3640 1044 3684 teste
1063 3634 1115 3678 Gu-

109 3710 160 3752 dio.
181 3703 218 3763 (lt.
238 3703 337 3767 sufficie
350 3719 377 3748 ae
395 3705 425 3750 ll.
445 3708 505 3748 teste
525 3703 667 3754 Vincentio,
688 3708 711 3746 et
727 3709 861 3748 correetrun
883 3717 896 3746 a
914 3717 963 3746 sec.
979 3717 1011 3747 m.
1029 3703 1114 3766 ruffini

108 3777 160 3830 aa.)
179 3801 210 3810 --
229 3773 254 3818 le.
272 3773 337 3837 fieri
363 3785 390 3816 ae
408 3773 439 3817 N.
460 3797 492 3808 -
511 3770 535 3826 Ιι,
553 3786 580 3816 ee
594 3767 694 3829 feriare
718 3787 742 3827 p.
790 3770 844 3829 (13)
868 3772 910 3831 qui
927 3770 1011 3831 quarn]
1029 3773 1060 3820 R.
1078 3771 1112 3828 (?)

109 3846 227 3891 Ritterslr.
247 3846 272 3889 S.
294 3869 326 3878 -
344 3843 462 3902 quidum
486 3843 560 3896 P..p.
581 3865 613 3894 α,-
632 3840 672 3884 lu'e
691 3856 768 3899 quaem
783 3842 814 3888 N.
841 3843 923 3888 lleins.
944 3866 976 3880 -ψ
994 3843 1037 3896 eui
1052 3842 1112 3886 dum

108 3919 229 3975 Bongurs.
267 3911 321 3968 (16)
340 3938 372 3947 -
391 3917 514 3958 armantem
534 3911 563 3956 N.
584 3908 640 3968 (20)
660 3935 692 3946 -·-
712 3910 762 3959 Suo
778 3911 842 3957 aedit
856 3909 945 3956 dehine
960 3911 988 3956 N.
1009 3910 1062 3968 (21)
1077 3937 1110 3946 -

110 3986 167 4032 cub.
185 3983 280 4043 &usella
295 3973 385 4042 pelam
403 3982 433 4027 N.
477 3978 531 4036 (22)
550 4006 582 4016 --
601 3988 686 4024 arulum
704 3988 784 4026 muler-
807 3980 837 4025 N.
875 3977 930 4038 (24)
948 3980 1110 4042 reperissent]

110 4057 141 4102 P.
167 4056 207 4105 R..
230 4070 245 4099 a
272 4068 374 4110 pr..ru.
402 4067 426 4110 p.
458 4053 489 4116 S.¹
510 4073 542 4084 -
567 4056 700 4104 conversat
723 4030 752 4096 ll.
780 4065 867 4100 aser.
888 4064 921 4096 m.
941 4050 971 4106 N.
991 4052 1109 4116 pongars.
