2796 4746
415 820 711 948 inuuunt
750 871 968 948 novun
1014 871 1223 970 xxxm

448 1106 458 1131 ,ι
510 1028 609 1092 SUB
632 1028 890 1094 PHAEDRI
913 1027 1131 1092 NOMINE

325 1185 468 1238 nunnoni
489 1185 578 1232 nuru
603 1185 663 1230 uos
686 1185 793 1231 annos
817 1183 1034 1230 eanuunmo
1053 1173 1174 1232 comer
1191 1185 1312 1230 nunnus

327 1277 397 1324 euru
414 1275 553 1322 anunts
571 1273 788 1332 incensisque
801 1273 1017 1318 uuomontnus
1033 1265 1208 1321 turonum:
1227 1273 1312 1322 nunc

412 1363 533 1410 aunum
548 1363 621 1410 sunu
640 1361 725 1408 unno
742 1361 894 1407 nurnero
917 1363 983 1408 nur
1000 1363 1227 1409 unumunurn

803 1483 834 1513 21

448 1554 453 1563 ‘
477 1562 763 1631 mnuounmno
785 1569 932 1627 comen
955 1569 1166 1629 vnucnuo
1240 1575 1245 1586 ·

684 1741 686 1746 ,
738 1694 831 1734 unum
851 1702 902 1734 curn

402 1738 644 1858 nicoeni
675 1790 928 1856 panorm
957 1790 1238 1858 Pnouoers

455 1933 590 1990 quonum
604 1933 690 1976 trun
706 1931 859 1976 anconae
875 1933 959 1974 nuuc
978 1933 1188 1977 uxrururun.
1241 1904 1243 1908 ’

724 2127 927 2142 m

390 2343 542 2412 Nrconnr
563 2343 736 2421 Panormi,
765 2339 931 2428 pontificis
953 2340 1134 2426 Sipontini,
1165 2343 1308 2429 perdocti

329 2447 472 2537 clarique
497 2445 653 2526 hominis,
686 2444 804 2509 iamdiu
832 2449 937 2510 codex
961 2445 1162 2524 innotuerat,
1195 2447 1310 2537 inquo

327 2551 462 2618 ineditas
484 2551 625 2628 fabulas,
663 2570 735 2613 cum
764 2547 906 2614 Phaedri
926 2547 1108 2636 Aviauique
1136 2550 1251 2630 editis,
1286 2561 1314 2615 ct

329 2676 402 2720 cum
437 2653 536 2737 ipsius
570 2652 701 2720 Perotti
735 2649 929 2716 carminibus
963 2651 1099 2730 mixtas,
1134 2654 1313 2718 Dorvillins

329 2760 491 2844 quondam
509 2755 646 2834 detexit,
668 2757 869 2820 Burmannus
888 2753 1109 2840 famigeravit,
1132 2756 1186 2821 alii
1205 2758 1314 2821 deinde

329 2859 447 2924 eruditi
460 2858 605 2924 homiues
619 2857 735 2942 passim
753 2845 1053 2922 commemorarunt.
1077 2858 1196 2924 Eratis
1211 2864 1315 2926 codex

329 2963 467 3032 Parmae
493 2961 570 3028 olim
593 2961 626 3024 iu
653 2960 790 3025 librario
813 2959 1042 3026 Farnesiorum
1067 2965 1240 3041 thesaur03
1277 2985 1315 3028 ex

329 3088 395 3153 qua
421 3067 502 3130 urbe
529 3064 702 3148 Neapolim
731 3063 926 3128 hereditario
957 3064 1026 3128 iure
1061 3066 1250 3144 translatus,
1283 3065 1315 3130 in

225 3183 230 3196 ’
328 3167 421 3254 regia
451 3167 650 3232 bibliotheca
677 3166 817 3243 delituit,
855 3157 958 3231 donec
985 3189 1056 3230 eum
1079 3167 1134 3234 Cl.
1154 3171 1314 3237 lohannes

329 3269 515 3338 Andresius·
534 3270 601 3363 loci
625 3291 754 3354 praeses
782 3269 897 3332 iterum
927 3270 1132 3349 observarit,
1166 3285 1262 3361 atque
1282 3285 1317 3338 ut

328 3372 459 3466 publici
474 3377 597 3437 demum
617 3371 696 3436 iuris
721 3374 831 3450 fieret,
867 3391 1065 3458 magnopere
1085 3377 1233 3441 hortatus
1255 3389 1314 3442 est.

329 3473 428 3542 Hinc
453 3474 712 3541 doctissimorum
748 3475 815 3538 eius
853 3475 948 3539 urbis
983 3476 1130 3542 virorum
1166 3500 1316 3546 exarsere

331 3578 443 3656 animi,
467 3597 549 3665 quos
571 3578 654 3644 inter
675 3578 816 3662 palmam·
831 3576 897 3642 siue
920 3578 1018 3672 dubio
1040 3575 1114 3644 tulit
1131 3581 1184 3646 vir
1204 3583 1317 3648 claris·

331 3682 427 3746 simus
447 3680 598 3748 Cataldus
619 3681 807 3758 Ianuellius,
835 3680 891 3768 qui
909 3681 1107 3748 concinnatis
1131 3687 1171 3749 ad
1194 3687 1314 3751 Perot-

330 3783 429 3850 tiuum
445 3784 588 3850 codicem
604 3785 777 3868 peramplis
798 3783 1090 3863 lucubrationibus,
1113 3792 1312 3871 praeclaram

333 3885 400 3952 eius
423 3886 593 3953 editionem
614 3888 665 3952 bis
686 3885 827 3963 curavit;
850 3899 882 3952 et
900 3887 1006 3971 primo
1029 3879 1156 3974 quidem
1171 3913 1202 3957 a.
1221 3892 1315 3958 1809.

332 4011 434 4056 novas
453 3990 578 4056 fabulas
596 3989 741 4074 plurimis
756 4012 827 4054 oum
849 3989 970 4056 lacunis
993 3993 1153 4075 (propter
1168 3993 1314 4060 codicem
