2796 4746
1031 336 1094 402 235

79 497 165 532 eeeune
187 485 262 546 etiem
282 495 365 538 rene,
388 491 463 539 pereo
480 477 595 540 giubeto,
615 494 629 525 e
646 479 713 526 ιοιιιι
731 481 845 526 deorsum
863 482 996 539 pendente,
1015 489 1094 529 retur.

78 555 194 602 duntee.''
215 576 244 588 -
263 551 384 600 Emiennt
398 550 522 596 Ioerimue
537 555 688 604 trementem
717 549 765 596 red
779 551 875 595 rodurn
886 551 1000 610 pondere
1017 551 1096 600 Gutta

78 632 126 672 cet.
155 625 252 685 RigIer.
290 621 419 680 (Emicuit
435 621 491 666 ecit.
511 633 566 666 eune
582 621 712 666 Setneeeio.
749 618 783 664 Et
799 622 897 666 mieunt
913 622 993 678 Lipe.)
1029 626 1094 674 Sed.

77 702 104 742 ut
120 709 208 742 verum
223 695 316 749 ieteur,
336 689 463 746 mieundi,
483 692 621 745 eptendendi
640 691 740 736 verbum
758 692 816 736 mihi
837 692 862 736 ιι.
886 693 904 736 Ι.
925 693 995 752 longe
1014 697 1093 750 uptius

78 768 176 812 uidetur
193 779 266 824 quum
283 766 386 810 atterum
406 758 550 806 eminendi:
568 775 611 806 eee
630 763 784 816 expellendue
804 775 832 806 ex
851 761 896 806 hoe
914 765 1025 818 poemate
1044 767 1095 808 ein·

79 838 174 896 guterio
193 849 251 881 uene
273 832 460 891 praepositionis
475 829 505 876 de
524 833 627 876 enutrire
645 836 744 888 propter
761 845 785 876 e.
807 829 849 877 ³9.
871 836 895 876 et
912 833 1017 878 similene
1035 849 1094 880 eon·

79 908 234 952 suetudinem
255 907 360 950 eiuedeue
383 906 468 959 potitae
487 902 511 946 in
541 901 694 959 iregmeetie
724 899 773 954 „de
803 903 923 960 qualitate
946 904 1035 948 eitue”
1058 905 1096 964 (v.

79 977 167 1022 Beudii
196 975 304 1022 Amoree
322 988 347 1030 p.
368 969 428 1018 213.
449 976 473 1017 et
492 968 552 1017 469.
589 971 745 1016 Wereedori.
765 973 839 1016 Tom.
859 969 885 1017 3.
904 987 929 1030 p.
950 971 1024 1030 483.)
1041 988 1097 1019 ver·

79 1049 159 1093 eieuio
173 1043 200 1091 6.
220 1045 301 1090 Dulce
310 1043 341 1089 eie
352 1043 434 1088 lubrie
446 1043 591 1100 loquuntur.
606 1045 631 1086 et
643 1039 667 1088 9.
681 1041 759 1086 Ambo
767 1041 798 1086 de
808 1043 905 1087 eoenie:
924 1044 999 1088 tutiue
1009 1045 1098 1089 Pirmi·

79 1132 122 1162 eus
141 1117 270 1162 Maternus
292 1115 321 1159 C.
343 1111 367 1160 7.
387 1127 412 1169 p.
432 1109 475 1157 32.
494 1112 574 1157 Mune.
593 1111 755 1156 mirerundue
776 1111 903 1157 matricio
927 1119 1006 1158 morte
1021 1113 1098 1178 fiiiue

72 1184 212 1246 suneetum
235 1186 406 1244 spectaculum
423 1180 556 1241 praebuit:
577 1182 601 1224 in
622 1182 708 1240 quibue
729 1182 873 1227 Latinorum
896 1181 927 1226 de
953 1186 1099 1242 pedetentim

79 1258 170 1302 treneit
183 1257 209 1301 in
223 1256 339 1302 ltetorum
354 1253 390 1302 di.
411 1274 441 1284 -
461 1251 596 1296 Lacrimae
613 1253 709 1298 micant
721 1257 857 1298 trementer
878 1253 986 1299 Serieer.
1005 1257 1097 1314 Vulgo.

79 1325 137 1384 (19)
158 1324 238 1386 Hine]
257 1326 358 1380 debetur
382 1323 512 1368 Setmeeio.
532 1345 565 1356 -
583 1318 624 1366 Ere
641 1335 727 1368 rureoe
749 1323 860 1368 schulze.
899 1324 945 1368 Sed
964 1325 1023 1370 teliu
1042 1339 1100 1380 pro-

9 1453 11 1462 .
82 1397 205 1443 fundende
221 1411 268 1440 uon
286 1399 350 1440 eunt.
388 1391 444 1450 (21)
463 1388 587 1452 virginee]
607 1392 675 1447 [ιρι.
713 1392 819 1450 Uterque
837 1392 935 1440 Codex:
956 1393 1098 1455 virgineae.

82 1465 173 1525 (ibid.)
193 1463 316 1524 humenti]
335 1465 428 1508 Rureue
443 1463 511 1517 Lipe.
549 1458 605 1518 (22)
623 1475 697 1506 mune
715 1461 792 1522 totae]
811 1462 850 1507 Sie
871 1464 970 1520 eeu-ipsi.
1010 1463 1099 1520 Totae,

8 1529 12 1592 ⁵,
83 1539 106 1582 id
127 1542 181 1592 eet,
215 1535 397 1591 „omnee.”uti
416 1546 454 1577 rr.
478 1527 521 1576 st.
543 1535 568 1576 et
587 1528 646 1589 ⁶0.;
678 1531 717 1590 qui
733 1545 790 1576 uene
806 1533 920 1590 frequens
939 1539 976 1579 eet
996 1537 1021 1580 et
1038 1537 1100 1590 epnd

12 1660 15 1672 Ι
82 1607 233 1664 Apputeium
249 1611 274 1651 et
293 1605 318 1650 in
336 1603 421 1660 primis
439 1602 502 1657 apud
523 1601 719 1658 Tertullianum
748 1604 809 1648 unde
838 1603 956 1648 ttetorum
974 1604 1041 1650 tutti.
1066 1629 1101 1640 -

9 1721 10 1728 ,
82 1681 205 1724 menesii
227 1674 290 1720 udae
308 1676 392 1720 Douze
409 1677 489 1728 peter.
509 1671 626 1718 Werned.
658 1695 692 1706 -
718 1685 793 1716 mune
816 1671 898 1716 nudae
923 1674 1017 1733 Rig'er.
1054 1677 1103 1721 Sed

84 1749 174 1804 duptex
194 1746 318 1802 epitheton
344 1745 443 1790 minime
461 1743 556 1798 pteeet:
585 1755 660 1786 rurae
676 1743 791 1802 virginee
815 1745 960 1802 eeedemque
978 1749 1020 1790 eut
1037 1744 1102 1790 udae

85 1822 126 1862 eut
147 1815 244 1862 nudor.
287 1815 339 1860 flou
367 1826 461 1872 quoque
485 1811 677 1866 observandum,
705 1825 807 1867 rureue,
839 1815 909 1858 utin
929 1815 994 1859 nunu
1018 1817 1102 1872 peteris

8 1877 9 1882 ¹
85 1888 157 1934 huius
182 1886 318 1944 potiorem,
344 1885 405 1928 itetn
429 1881 537 1936 sermoni
561 1882 599 1927 hie
624 1884 696 1928 retuti
716 1883 840 1938 preetudi:
865 1897 940 1928 mune
959 1887 1023 1930 enim
1041 1887 1066 1931 ιι.
1083 1888 1102 1931 Ι.

86 1959 145 2004 nihii
167 1959 234 2004 atiud
253 1970 324 2015 quem
339 1953 446 2006 dimuni,
465 1951 586 2007 deretani,
606 1966 672 1998 eree.
710 1950 764 2009 (23)
783 1951 887 2013 ΰγρνιι]
907 1955 1043 2001 Seriverius
1059 1969 1104 2012 pro

88 2029 150 2074 Cdd.
166 2027 256 2086 peine.
304 2021 398 2086 Cyprie
413 2037 458 2080 pro
477 2019 598 2082 Gypridie
624 2023 716 2068 invenit
738 2025 840 2069 Schutze
860 2025 933 2069 etiem
951 2026 976 2070 in
993 2027 1104 2072 Pseudo-

85 2098 151 2144 Getii
169 2095 248 2158 Elege
269 2094 299 2150 1,
328 2094 370 2142 92.
413 2089 585 2153 (26).Unieo]
603 2093 671 2139 Pith.
700 2094 778 2137 Totus
794 2099 874 2138 eutem
896 2097 962 2140 tocue
980 2097 1013 2140 ite
1037 2097 1104 2140 vide-

9 2215 10 2219 ,
87 2174 128 2213 tur
154 2167 328 2225 explicandus,
359 2169 399 2219 ιιι,
430 2164 452 2208 ιι
478 2163 547 2219 priue
571 2164 704 2222 cogitentur
728 2177 804 2208 roeue
823 2164 967 2209 vocubutum
985 2168 1022 2211 vet
1041 2169 1105 2222 epud

88 2231 219 2284 Horatium
237 2249 338 2282 numero
355 2234 470 2294 eiuguturi
490 2245 663 2289 saepenumero
682 2233 756 2288 poni,
777 2234 817 2277 ubi
837 2247 880 2278 noe
895 2236 985 2279 utimur
1004 2237 1103 2291 ptureti,

7 2297 8 2313 ³
88 2309 230 2368 neutiquam
251 2307 394 2352 heereemue
415 2304 440 2350 in
460 2302 541 2349 eubito
566 2303 608 2348 itlo
632 2304 735 2348 treneitu
761 2309 826 2348 totae
853 2304 959 2360 (omnes)
990 2307 1104 2366 virginee
1153 2326 1156 2337 ι

88 2378 185 2424 nutent
203 2390 280 2424 rurae
298 2402 309 2413 ·
326 2375 405 2420 Foeta
423 2378 490 2431 uet.;
510 2385 582 2431 quum
595 2374 644 2419 eit:
664 2373 768 2428 „Omnis
787 2388 845 2418 rose
863 2375 924 2420 fecte
944 2376 1058 2432 Cypridis
1076 2377 1106 2421 de

90 2450 200 2495 eruore''
219 2453 284 2504 eet.;
310 2452 361 2492 tum
378 2447 403 2490 in
428 2443 472 2488 hee
489 2443 618 2488 Latinitate
636 2445 661 2488 in
683 2445 809 2500 permuttie
828 2446 857 2488 ed
880 2446 1046 2503 untiquitetenr
1065 2461 1106 2491 re-

89 2521 177 2566 deunte
197 2519 262 2576 (vide
280 2518 319 2562 vet
337 2514 501 2561 Foreettinum
518 2514 543 2558 in
562 2525 586 2560 v.
604 2511 713 2569 Pudeo.)
730 2512 798 2559 iioeu
816 2539 826 2552 ·
845 2539 855 2552 ·
873 2529 924 2560 non
933 2514 1037 2574 pudebit
1055 2517 1106 2561 eoi·

88 2603 145 2636 uere
170 2589 270 2636 minime
285 2588 408 2632 offendere
426 2585 498 2630 debet
515 2595 576 2640 pro:
595 2581 688 2628 Rerum
706 2609 717 2620 ·
735 2609 745 2620 -
763 2586 884 2631 moritum
899 2585 969 2644 (iem)
988 2600 1038 2632 reon
1055 2601 1105 2644 pu-

87 2658 155 2705 debit
171 2675 205 2706 ee
224 2659 320 2705 eoleere
340 2655 429 2711 unico,
449 2656 472 2700 id
492 2658 546 2709 eet,
577 2666 641 2709 uno,
667 2655 706 2713 qui
722 2655 851 2704 etiamtunc
868 2657 985 2712 reetebit,
1019 2658 1105 2703 nltineo

90 2729 163 2778 nodo.
202 2731 249 2775 Vet
265 2730 286 2774 ei
309 2729 333 2773 in
347 2728 391 2772 hue
408 2726 587 2772 construetione
607 2725 752 2780 offendente,
772 2727 852 2784 quidni
868 2727 950 2772 tieeteit
964 2739 1105 2784 exponere:

92 2798 204 2855 „Omnie
221 2813 283 2845 roeo
303 2811 379 2859 queem
389 2791 466 2855 suctu
477 2795 513 2840 eit
530 2793 561 2840 de
573 2807 664 2841 eruore
683 2821 692 2832 ·
711 2821 722 2832 ·
740 2810 796 2840 eom
811 2809 861 2840 non
874 2797 980 2856 pudebit
995 2797 1107 2844 entiere”

93 2868 160 2915 oen?
198 2871 268 2928 Quod
294 2868 439 2927 Longuerue
464 2871 489 2911 et
503 2863 617 2910 Morbiue
634 2872 810 2920 reperuerunt:
838 2865 914 2912 Uoido
932 2869 1027 2914 moritu
1042 2865 1108 2912 nodo

91 2952 198 2995 proreue.
213 2942 319 2985 otiosum
340 2943 386 2984 eet.
429 2935 478 2982 Nee
493 2949 552 2981 vero
571 2949 624 2980 enne
642 2938 749 2981 Saturne.
772 2942 797 2981 et
816 2939 886 2982 Anat.
905 2936 990 2982 Wolfii
1012 2939 1108 2982 moritu

93 3023 137 3065 pro
156 3012 267 3056 voeatiro
285 3009 427 3054 debendum.
464 3003 525 3068 (29)
542 3005 566 3052 It
585 3020 629 3064 pro
647 3004 681 3050 Et
697 3007 765 3062 Lipe.
786 3009 934 3052 coniectore.
971 3006 1019 3053 Eri
1039 3009 1107 3052 rote·

94 3079 134 3124 bet
145 3081 212 3126 Ptin.
250 3077 307 3140 (32)
325 3077 407 3124 nudae
424 3077 489 3124 Pith.
510 3090 555 3132 pro
572 3076 632 3121 Gdd.
646 3074 727 3121 nudor
740 3082 763 3122 et
775 3076 864 3122 durue.
901 3072 963 3138 (34)
981 3097 1014 3114 -·
1031 3091 1107 3138 nym-

91 3147 158 3206 pieue
169 3183 177 3207 ,
197 3157 280 3196 eueete
301 3163 361 3208 queo
380 3150 475 3208 rutgete
493 3151 531 3192 eet
550 3148 621 3201 teetio
639 3152 723 3192 contre
748 3152 875 3206 utrumque
897 3147 1027 3204 Codieem,
1048 3161 1107 3194 cusu

95 3221 218 3266 uumuxnt
241 3225 295 3265 orte
312 3221 406 3266 ridetur
427 3220 451 3264 iu
474 3217 558 3262 Beudii
577 3215 711 3262 Amoribue
730 3231 754 3273 p.
776 3214 836 3262 424.
880 3215 933 3273 (35)
952 3217 1013 3264 Cdd.
1034 3217 1107 3264 tectio

94 3289 202 3336 inermie
228 3301 283 3336 cum
309 3290 422 3336 Schoteio
440 3290 474 3334 itu
493 3288 631 3343 exponenda
654 3289 713 3332 erit:
745 3287 840 3342 „Amor
860 3289 981 3342 inermis,
1012 3290 1107 3346 queneto

96 3362 172 3406 nudue
188 3367 238 3416 est,
258 3359 309 3419 (-·
323 3362 367 3406 ιιι
385 3360 409 3404 in
430 3359 468 3402 hie
488 3358 568 3402 ineeee
584 3359 650 3401 eides
670 3355 888 3423 ταυτολογίαν)
907 3364 971 3403 ιοιιιι
993 3359 1057 3404 idem
1070 3361 1109 3403 est

97 3429 191 3486 Amor,
223 3445 296 3489 quum
320 3433 412 3476 eeitieet
431 3441 525 3486 numme
542 3441 585 3471 eue
611 3428 787 3482 pulchritudine
813 3433 850 3484 (et
870 3430 892 3474 ri
911 3428 1010 3488 inrito),
1035 3429 1109 3473 etiem

99 3505 154 3554 poet
176 3515 244 3546 erma
265 3501 357 3546 eteiecte
379 3503 452 3546 eorde
476 3498 599 3543 hominum
615 3500 726 3542 vulneret
747 3502 818 3554 utque
835 3500 955 3545 incendet.
992 3499 1108 3558 Vulgarie

99 3571 231 3616 ePithoeo
253 3574 356 3627 primum
372 3571 506 3629 excogitate
528 3567 600 3613 tentio
620 3566 699 3613 Totue
720 3573 758 3612 eei
777 3568 805 3612 in
825 3571 907 3614 urmie
925 3567 992 3614 idem
1009 3573 1109 3625 propter

99 3643 231 3694 epondeune
248 3644 320 3688 tertie
337 3643 395 3686 rede
413 3640 517 3696 poeitum
529 3638 588 3683 ierri
608 3652 656 3683 eon
674 3638 779 3694 potest.''
813 3640 888 3686 iteete
910 3649 981 3686 tero:
1000 3653 1055 3684 num
1072 3640 1109 3682 vi-

98 3709 132 3754 tiu
154 3713 255 3757 metrice
283 3713 321 3756 vet
346 3711 462 3756 mediocri
481 3710 551 3754 ietiue
572 3710 656 3754 eetetie
685 3712 771 3764 poetae
793 3711 857 3754 ultro
875 3710 966 3754 inferre
988 3723 1110 3768 nunquam

98 3780 221 3827 debemur.
269 3783 316 3826 Sed
335 3781 468 3826 Seriverius
484 3781 523 3825 ret
539 3779 615 3835 ipeiue
639 3781 724 3828 poe'tee
743 3793 840 3824 menum
857 3780 976 3835 restituit,
996 3783 1059 3838 quod
1076 3780 1108 3823 ti-

90 3847 191 3896 ⁴heutiue
210 3853 321 3910 equidem
338 3852 463 3896 crederem
486 3863 629 3908 quemquem
655 3850 823 3894 traiectionum
847 3850 972 3906 inimicus,
995 3853 1049 3905 ret,
1085 3853 1111 3893 ut
1182 3887 1187 3898 .

99 3917 220 3968 Bentleiue
238 3921 276 3968 nie
297 3927 363 3968 terve
386 3921 512 3966 Horatium
535 3919 631 3976 iprum,
662 3919 724 3964 hune
752 3926 861 3964 nostrum
887 3923 995 3967 correxit
1016 3935 1108 3978 propo·

102 4001 175 4039 nene:
195 3989 243 4040 Ere
257 3993 285 4038 in
302 3991 384 4038 ormie
398 3996 464 4039 tetur
481 3989 565 4045 idem,
585 3987 685 4051 quondo
696 3987 928 4037 nudueeetAueor.
965 3993 1030 4038 tteeo
1043 3992 1109 4038 enim
