2796 4746
184 509 186 518 '
250 531 253 535 ·
309 501 405 577 licet,
441 503 466 564 si
488 514 590 564 tamen
616 502 647 566 in
669 500 804 583 imagine
826 511 889 562 tam
911 514 1085 585 pervagata
1109 513 1205 586 atque
1236 504 1311 566 haee

309 617 378 668 est:
402 605 497 667 tauri
515 607 578 668 sub
599 604 735 666 hirsuta
752 607 844 666 larus
861 605 1057 686 explicuere
1077 604 1216 687 genista
1230 617 1261 668 et
1279 605 1310 668 in

200 737 204 744 ·
309 709 416 770 verbis
438 729 499 771 ner
521 731 574 770 me
595 709 750 772 Phoebus
771 706 911 790 respicit
933 707 996 770 ulla
1022 729 1158 792 unquam
1179 709 1310 774 imitatio

307 813 414 876 locum
438 812 561 875 habuit.

372 917 469 996 Quod
496 915 558 976 iam
585 917 625 976 ad
648 914 798 977 criticam.
813 913 969 998 poematis
999 914 1129 978 huiusce
1154 915 1307 980 rationem

307 1019 433 1094 attinet,
457 1019 504 1080 illi
522 1019 613 1081 etiam
634 1017 812 1103 philologi,
838 1018 892 1100 qui
909 1019 1071 1082 fautorum
1086 1017 1194 1101 potins
1216 1041 1309 1104 quam

305 1125 573 1204 reprehensorum
596 1123 738 1204 partibus
761 1121 938 1204 susceptis,
969 1122 1001 1184 in
1024 1144 1063 1186 eo
1086 1123 1306 1198 elaborarunt,

304 1238 341 1288 ut
369 1226 401 1288 in
429 1228 587 1309 integrum
620 1225 822 1288 restituerent
855 1225 1042 1306 opusculum
1079 1247 1307 1306 saepenumero

194 1352 201 1363 “
304 1340 512 1411 corruptum,
537 1349 573 1391 ea
591 1328 623 1390 in
644 1349 681 1391 re
701 1329 833 1390 maxime
854 1349 1004 1410 peccasse
1029 1328 1196 1404 vitientur,
1222 1333 1309 1412 quod

199 1423 202 1431 ’
304 1435 343 1497 tul
365 1431 541 1514 perlectam
565 1430 731 1496 meliorum
751 1443 886 1494 aetatum
904 1431 1073 1494 formulam
1095 1431 1127 1494 id
1149 1433 1305 1509 exacturi,

303 1527 506 1600 coniecturae
522 1533 665 1598 licentius
683 1536 893 1598 indulserunt.
939 1533 1091 1599 Certatim
1107 1555 1189 1619 ergo
1209 1557 1307 1621 sasque

303 1643 342 1702 ad
357 1640 544 1704 hodiernum
560 1641 640 1704 diem
653 1641 829 1704 cumulatae
841 1650 911 1700 sunt
922 1638 1178 1716 emendationes,
1203 1641 1306 1722 suspi-

302 1744 429 1821 ciones,
467 1743 692 1807 traiectiones:
729 1743 825 1826 idque
855 1741 955 1805 minus
980 1742 1073 1804 etiam
1109 1743 1221 1806 mirum
1254 1749 1305 1808 vel

301 1846 392 1923 ideo,
425 1850 513 1932 quod
535 1870 576 1910 ex
598 1847 677 1928 ipsis
700 1847 802 1928 Lipsii
826 1845 920 1929 atque
943 1845 1090 1910 Salmasii
1111 1846 1198 1910 euris
1221 1849 1305 1909 haud

302 1951 378 2013 satis
401 1963 488 2013 certe
513 1950 590 2012 sciri
614 1961 762 2032 poterat,
788 1950 863 2034 quid
880 1951 1004 2011 tandem
1027 1950 1178 2032 scriptum
1199 1963 1305 2015 exstet

299 2053 331 2117 in
355 2052 529 2118 Codicibus
552 2053 612 2116 illis
633 2056 777 2126 duobus,
817 2052 872 2137 qui
897 2065 1030 2120 aetatem
1056 2053 1220 2141 tulerunt,
1244 2055 1304 2117 sci·

298 2157 373 2221 licet
395 2157 607 2233 salmariano,
633 2179 716 2218 nunc
731 2156 855 2241 Regio,
881 2156 967 2219 nullo
984 2177 1118 2220 numero
1136 2157 1301 2241 insignito,

191 2286 194 2300 ’
299 2262 406 2324 Seculi
439 2263 522 2324 Vll.
561 2261 620 2333 vel·
642 2262 745 2324 VIII.
774 2259 912 2322 ineuntis
945 2273 977 2324 et
1014 2259 1194 2331 Pithoeano
1234 2262 1303 2324 sive

299 2365 455 2428 Thuaneo
481 2385 563 2427 nunc
582 2363 686 2426 itidem
704 2363 810 2446 Regio
827 2365 871 2426 N.
883 2364 979 2426 8071.
1016 2364 1089 2425 Sec.
1108 2363 1174 2426 IX.
1190 2365 1242 2426 vel
1254 2367 1303 2429 X.

296 2467 488 2548 ineuntissst).
533 2468 693 2530 Intererat
715 2468 813 2552 igitur
842 2467 1004 2530 literarum
1028 2466 1237 2542 Latinarum,
1269 2480 1303 2531 ut

296 2574 422 2633 tandem
441 2568 607 2654 utriusque
633 2571 728 2634 lectio
753 2571 931 2633 accuratius
956 2591 1048 2652 quiam
1069 2591 1205 2654 unquam
1229 2557 1301 2635 ante

294 2674 413 2736 factum
428 2685 477 2735 est
490 2686 750 2756 proponeretur3
776 2677 864 2759 quod
886 2687 919 2736 ut
941 2673 1013 2736 fieri
1033 2685 1141 2754 posset
1165 2676 1300 2737 duorum
1389 2719 1390 2728 .

296 2776 470 2840 amicorum
500 2775 629 2858 prolixa
657 2778 762 2839 effecit
787 2777 981 2861 benignitas.
1028 2776 1189 2839 Videlicet
1214 2779 1300 2842 Silli-

294 2880 366 2965 gius
399 2879 482 2942 misit
511 2879 585 2941 mihi
611 2882 833 2964 apographum
873 2881 958 2944 Cod.
996 2880 1167 2944 Pithoeani
1197 2882 1301 2944 colla·

292 2994 360 3047 tum
383 3004 453 3046 eum
482 2981 699 3060 Salmasiano,
739 2983 930 3048 Hauthalius
957 2985 1180 3069 apographum
1205 2985 1299 3048 huius

292 3087 442 3151 collatum
461 3109 531 3149 cum
550 3087 627 3162 illo;
651 3090 730 3149 adeo
754 3101 803 3163 ut,
827 3087 1022 3169 paucissimis
1044 3087 1145 3170 iisqne
1163 3088 1298 3152 levioris

292 3191 444 3255 momenti
466 3191 627 3272 exceptis,
665 3213 726 3271 pro
756 3203 847 3256 corto
877 3213 960 3254 nune
986 3193 1109 3253 demum
1136 3192 1295 3268 sciamus,

259 3278 261 3283 ¹
292 3293 369 3379 quid
390 3295 421 3356 in
445 3292 580 3377 singulis
604 3305 736 3378 uterque
759 3295 919 3358 exhibeat.
964 3295 1032 3362 Iam
1055 3316 1135 3358 vero
1156 3307 1191 3358 nt
1217 3299 1296 3360 anti·
1372 3337 1378 3348 ·

291 3396 489 3482 quior,.sic
521 3395 614 3459 etiam
643 3399 729 3479 quod
751 3400 791 3459 ad
819 3398 990 3461 lectionem
1025 3396 1127 3479 ipsam
1159 3399 1296 3481 pertinet

289 3502 387 3585 longe
402 3499 616 3582 praestantior
634 3511 681 3560 est
697 3501 929 3576 Salmasiauus,
953 3501 994 3566 ita
1017 3513 1139 3577 tamen,
1164 3514 1198 3564 nt
1215 3525 1294 3567 non·
1388 3573 1389 3586 2

290 3605 374 3667 nulla
398 3602 579 3668 necessario
606 3627 622 3667 e
645 3604 827 3668 Pithoeano
851 3605 972 3689 corrigi
994 3607 1142 3668 debeant.
1189 3609 1295 3669 Tanta
1388 3635 1389 3660 t

289 3719 337 3770 est
363 3722 466 3771 aretem
491 3697 573 3772 inter
601 3723 769 3793 utrumque
800 3708 1028 3790 discrepantia,
1063 3720 1098 3770 ut
1125 3708 1294 3772 manifesto

289 3831 331 3873 ex
349 3811 482 3874 diversis
508 3813 741 3894 exemplaribus
764 3814 826 3876 sint
848 3814 1012 3895 descripti.
1072 3815 1138 3874 lam
1166 3813 1292 3872 tertium
1388 3821 1389 3846 ¹

340 3955 362 4011 I)
382 3959 486 4004 Consule
505 3962 534 4004 de
553 3966 654 4018 utroque
674 3975 715 4014 aa,
736 3977 795 4019 quae
815 3962 921 4020 Siltigms
941 3964 974 4013 V,
994 3961 1023 4006 C.
1044 3962 1173 4018 disputavit
1190 3961 1215 4005 in
1231 3959 1292 4004 Jahn

288 4026 545 4076 temereternere.
566 4031 635 4077 vill.
655 4045 679 4088 p.
699 4029 759 4078 201.

518 4112 593 4176 .,‚,
