2768 4750
303 319 365 382 11⁰

345 455 500 540 Princeps
521 455 636 523 tibicen
658 454 766 522 notior
786 456 892 540 paullo
914 456 988 532 luit,

305 560 445 642 Operam
468 560 617 640 Bathyllo
639 557 749 623 solitus
770 558 803 622 in
824 580 916 623 scena
939 563 1026 623 dare.

301 663 335 728 Is
356 664 441 727 forte
462 662 543 726 ludis
565 663 641 740 (non
663 660 738 724 satis
760 661 884 724 memini
905 663 1033 746 quibus)

301 765 386 830 Dum
407 786 521 848 pegma
543 764 683 846 rapitur,
706 763 845 827 concidit
866 785 940 828 casu
961 764 1053 848 graui

301 871 371 932 Nec
393 865 543 949 opinans,
568 877 600 930 et
620 867 776 930 sinistram
797 866 895 952 fregit
915 866 1042 943 tibiam,

300 970 390 1035 Duas
411 991 507 1053 quum
529 971 657 1034 dextras
679 968 840 1032 maluisset
859 972 1010 1052 perdere.

301 1073 390 1137 Inter
412 1093 519 1135 manus
542 1072 682 1135 sublatus
705 1081 737 1134 et
759 1071 888 1136 multum
910 1091 1038 1156 gemens
1262 1075 1308 1135 10
1377 1092 1378 1105 ’

301 1176 440 1241 Domum
461 1173 615 1237 refertur.
660 1172 797 1258 Aliquot
819 1193 939 1237 meuses
959 1185 1145 1252 transeunt.
1377 1173 1378 1176 ’

301 1280 355 1343 Ad
377 1277 536 1341 sanitatem
560 1278 631 1339 dnum
654 1274 739 1339 venit
763 1273 898 1339 curatio.

301 1383 346 1446 Ut
367 1389 580 1461 spectatorum
604 1401 672 1442 snos
693 1393 741 1443 est
763 1391 794 1442 et
814 1379 949 1461 lepidum
972 1400 1091 1464 genus,

194 1561 198 1570 Ι
301 1481 488 1548 Desiderari
510 1481 635 1565 coepit,
660 1483 747 1545 cuius
769 1481 895 1545 flatibus

302 1585 432 1649 Solebat
454 1583 585 1648 excitari
608 1583 746 1647 saltantis
769 1583 878 1668 vigor.
1260 1589 1303 1650 15

343 1689 423 1751 Erat
443 1688 583 1751 facturus
606 1688 697 1751 ludos
720 1685 845 1770 quidam
861 1685 983 1764 *nobilis
1375 1647 1378 1790 l

302 1789 347 1854 Et
367 1788 538 1870 incipiebat
559 1788 684 1872 ingredi
709 1790 875 1870 Princeps.
919 1789 1002 1850 Eum
1377 1851 1378 1868 (

280 1891 439 1956 ‘adducit
461 1891 585 1972 pretio,
610 1891 774 1972 precibus,
799 1902 833 1952 ut
853 1893 1069 1954 tantummodo
1377 1917 1378 1990 t

300 1992 379 2090 Ipso
401 1994 547 2056 ludorum
570 1996 751 2057 ostenderet
771 2012 841 2056 sese
863 1991 925 2055 die.
1375 1991 1378 2123 1

305 2093 369 2175 Qui
391 2095 480 2158 simul
502 2094 645 2172 advenit,
669 2116 779 2159 rumor
801 2097 839 2158 de
860 2093 986 2158 tibicine
1257 2100 1301 2161 20
1376 2138 1378 2207 4

301 2199 423 2262 Fremit
443 2198 475 2261 in
497 2201 635 2262 theatro.
680 2197 815 2278 Quidam
837 2195 1000 2260 adfirmant
1020 2210 1199 2274 mortuum,

302 2300 437 2382 Quidam
458 2300 490 2362 in
512 2310 716 2382 conspectum
738 2300 935 2381 proditurum
958 2299 1024 2363 sine
1047 2322 1147 2366 mora.

300 2402 426 2467 Aulaeo
448 2401 562 2476 misso,
586 2401 742 2466 devolutis
762 2401 931 2466 tonitribus

300 2505 343 2570 nt
365 2515 437 2568 stunt
457 2503 556 2580 locuti
577 2525 666 2568 more
688 2503 896 2569 translaticio.

301 2609 393 2672 Tunc
415 2607 533 2669 chorus
554 2605 697 2690 ignotum
720 2609 815 2671 modo
836 2609 968 2671 reducto
991 2605 1147 2672 canticum
1256 2612 1298 2674 25

299 2707 465 2784 Insouuit,
489 2707 578 2770 cuius
599 2708 677 2784 haec
697 2709 757 2771 fuit
778 2709 946 2773 sententia:
1220 2720 1225 2728 ‘

301 2811 482 2886 ,‚Laetare,
505 2808 672 2874 incolumis
695 2811 819 2888 Roma,
843 2812 933 2876 salvo
954 2810 1154 2898 Principel”

298 3061 329 3106 P.
345 3060 375 3105 tt.
394 3072 419 3116 p.
456 3057 492 3115 (2)
511 3055 638 3118 Adrt'puit]
657 3059 711 3120 urg.
731 3060 757 3105 S.
778 3081 810 3093 ·-
828 3058 943 3118 Atrtputt
959 3059 989 3105 P.
1009 3059 1063 3118 (tt.)
1080 3074 1105 3117 p.
1147 3058 1185 3121 (3)
1203 3064 1297 3125 stultu]

298 3144 324 3186 p.
341 3131 367 3175 S.
388 3151 421 3163 —-
438 3135 462 3174 st
481 3130 558 3174 stulta
574 3129 605 3174 P.
624 3130 653 3175 ll.
702 3128 738 3184 (5)
756 3129 783 3173 in
802 3127 889 3189 oceno]
915 3143 939 3185 p.
962 3131 988 3175 S.
1008 3153 1041 3164 -
1064 3131 1091 3175 c'n
1114 3127 1193 3175 chenu
1210 3133 1239 3179 P.
1262 3135 1296 3178 tt.

300 3199 337 3255 (l)
356 3221 388 3234 —
405 3211 492 3256 pecmu
508 3199 538 3244 Ρ.
555 3199 585 3246 tt.
604 3212 628 3254 p.
666 3195 704 3256 (8)
721 3197 773 3244 Nec
790 3200 896 3257 opinans
911 3197 945 3258 et]
964 3213 987 3256 p.
1010 3200 1035 3244 S.
1056 3223 1089 3234 -··
1107 3214 1152 3244 uec
1170 3202 1228 3260 cpia
1246 3204 1298 3248 scd

298 3268 328 3314 P.
348 3269 378 3313 R.
398 3273 458 3313 teste
474 3269 536 3314 (lud.
556 3285 589 3299 -·
606 3282 636 3312 ue
654 3269 726 3327 copia
751 3267 797 3313 esd
816 3269 845 3313 R.
869 3273 928 3314 teste
947 3271 1016 3314 Vine.
1036 3268 1077 3324 (-
1097 3272 1249 3328 necopinus
1269 3280 1295 3318 et

299 3337 382 3384 Nevel.
413 3351 480 3393 susp.
507 3335 600 3395 Bentl.)
644 3336 697 3390 (11)
724 3361 756 3372 -
783 3337 884 3396 aliquod
911 3351 1008 3383 meuses
1037 3344 1151 3384 trement
1176 3341 1232 3396 (εἰς)
1257 3342 1290 3387 Ρ.

299 3403 352 3465 (tt.
374 3403 417 3465 18)
435 3407 474 3452 Sic
492 3408 573 3452 llrsiu.
593 3409 620 3452 S.
640 3427 669 3440 -
702 3405 734 3451 Et
752 3407 886 3465 incipiebat
908 3405 1028 3466 Princeps
1049 3408 1140 3453 obduci
1162 3423 1231 3454 reum
1245 3409 1292 3455 In·

298 3475 374 3538 gredi
391 3491 407 3519 c
424 3490 451 3521 ce
469 3476 566 3522 reducit
583 3475 682 3535 (reduci
698 3476 728 3520 n.
748 3481 808 3522 teste
834 3474 935 3532 Vinci)
953 3478 1037 3534 pretio
1052 3479 1165 3536 pratibus
1186 3476 1241 3535 (sic)
1263 3487 1293 3526 ut

299 3542 480 3592 Tantummodo
498 3546 553 3604 ipso
575 3545 690 3591 ludorum
712 3544 852 3591 ostenderet
868 3558 923 3591 cess
951 3545 990 3590 die
1015 3548 1045 3592 Ρ.
1067 3547 1096 3593 ll.
1119 3561 1143 3604 p.
1163 3547 1212 3606 (hic
1233 3563 1291 3594 cunr

299 3613 444 3673 asteriscis.)
462 3639 495 3650 -
512 3614 545 3660 Et
560 3615 694 3674 incipiebat
710 3614 830 3674 Princeps
849 3615 989 3676 ingrediar.
1036 3615 1101 3662 llum
1122 3623 1167 3663 cet.
1187 3623 1212 3662 ut
1233 3633 1288 3664 nos.

299 3686 355 3744 tttg.
375 3687 457 3734 Burm.
505 3681 560 3742 (21)
577 3683 679 3744 Fremit]
699 3697 722 3739 p.
743 3685 768 3729 S.
788 3707 821 3720 -
831 3681 926 3743 fremet
943 3685 972 3729 P.
1011 3683 1066 3744 (23)
1086 3708 1115 3720 -
1134 3689 1207 3732 culeo
1224 3689 1289 3734 mico

298 3755 328 3800 P.
365 3752 451 3813 (lhid.)
469 3752 611 3813 tonitribus]
628 3755 658 3799 P.
678 3754 708 3802 ll.
727 3775 760 3788 -
778 3755 917 3799 tonitrubus
934 3755 985 3801 sine
1004 3769 1075 3800 causa
1092 3769 1116 3812 p.
1127 3757 1161 3804 ·S.
1180 3757 1225 3815 (-
1236 3763 1289 3802 tro-

298 3824 406 3870 ru'trt‘due
435 3825 466 3869 P.
493 3839 507 3869 a
536 3837 573 3880 pr.
604 3821 696 3882 mun.)
743 3820 800 3883 (21)
828 3822 876 3883 Dr]
904 3825 986 3869 turm.
1015 3825 1041 3871 S.
1071 3843 1104 3860 -
1132 3824 1179 3870 Dla'
1206 3827 1236 3872 P.
1260 3841 1287 3883 p.

299 3889 352 3949 (25.
372 3891 414 3950 26)
432 3895 471 3939 Sic
488 3895 609 3951 composui
628 3897 690 3939 coni.
715 3892 776 3939 Gud.
796 3891 866 3938 modo
886 3891 987 3940 reducto
1003 3899 1027 3939 et
1047 3895 1206 3941 Freinshemii
1221 3897 1289 3942 iaso·

298 3963 362 4008 rute.
383 3983 412 3998 ···
432 3962 503 4010 Tunc
520 3961 610 4010 clerus
633 3963 745 4025 ignotum
756 3975 824 4008 more
840 3961 912 4011 ducto
928 3963 1054 4011 ceraticum
1071 3963 1190 4026 Imposuit
1205 3967 1236 4013 P.
1252 3967 1286 4012 u.
