2788 4772
1111 291 1149 354 19

139 427 190 502 26)
203 424 270 483 Lib.
284 422 309 480 l.
323 423 408 482 XIX.
450 427 476 482 ll·
534 424 642 494 tegulis
662 421 698 480 R.
754 497 758 504 .

139 519 190 593 27)
264 561 279 590 „
355 561 369 590 „
447 521 474 576 9.
532 523 624 588 coepit
641 519 692 570 illa
711 524 736 570 st
755 516 794 574 H.
816 517 951 594 (utPith.
969 521 1109 590 etRem.)

141 613 191 686 28)
267 653 282 686 „
331 610 402 668 XX.
452 610 698 670 §.lebiberell
720 609 758 668 Η.

138 712 187 776 29)
264 747 278 776 ‚,
354 749 369 776 ,‚
445 707 471 764 6.
494 703 511 737 ⁹
531 704 644 758 Periere
662 704 700 761 R.

135 807 184 868 50)
228 787 230 793 ,
260 842 275 872 ,‚
315 797 399 857 XXI·
446 807 471 858 7.
493 799 510 831 ⁴⁸
531 797 653 872 Infestis
672 800 708 856 R.

136 893 186 968 51)
262 936 276 964 ῃ
353 935 367 964 „
443 897 471 953 9.
492 893 695 950 ”extuditll
716 889 756 949 H.

137 993 185 1057 52)
262 1027 277 1059 ,
354 1029 369 1059 „
428 993 473 1046 10.
523 987 597 1060 fero
623 985 769 1045 Scheffer.

204 1149 257 1212 Ex
286 1147 334 1210 his
356 1149 510 1212 XXXII.
533 1148 744 1224 lectionibus,
779 1141 927 1234 (qnorum
953 1151 1029 1214 dues
1052 1155 1141 1216 dum-

138 1262 227 1316 taxat
250 1252 296 1332 (2.
320 1263 351 1314 et
373 1251 442 1332 37.)
464 1252 559 1316 habet
574 1273 756 1316 communes
778 1274 850 1316 cum
867 1253 955 1317 Pith.
977 1265 1008 1317 et
1025 1237 1140 1330 Rem,

138 1355 318 1419 necessario
342 1359 521 1418 emendatas
544 1357 584 1418 sb
606 1355 706 1431 Ede.)
728 1365 863 1438 apparet
880 1367 981 1420 totam
1004 1357 1142 1420 indolem
1199 1377 1204 1388 “

138 1457 271 1522 Codicis
293 1457 470 1522 Danielieni
497 1461 664 1522 admodum
687 1457 846 1520 diversam
865 1478 934 1522 esse
961 1461 1088 1523 spitii.
1110 1472 1142 1523 et

138 1561 541 1628 RemMenilestoverae
563 1572 791 1624 sumnonem:
818 1563 849 1623 1.
874 1565 911 1626 5.
936 1563 966 1624 l.
993 1565 1045 1625 11.
1069 1563 1141 1639 (etsi

136 1663 272 1726 ducibus
293 1664 383 1729 Pith.
405 1675 436 1726 et
455 1665 549 1728 Rem.
569 1662 663 1726 etiem
680 1660 747 1747 legi
761 1671 894 1746 posset:
918 1668 963 1730 Ut
981 1665 1043 1728 illo
1057 1661 1142 1729 milri

132 1749 368 1858 prffmrm.)
391 1767 444 1828 eo.
468 1767 520 1830 es.
545 1766 599 1830 eo.
623 1766 676 1830 so.
700 1766 753 1831 si.

199 1872 301 1935 Pares
323 1869 462 1952 receptis
485 1890 502 1931 e
524 1868 614 1940 Pith.
639 1881 671 1932 et
685 1870 782 1934 Rem.
804 1880 889 1954 tres:
915 1873 947 1936 4.
971 1872 1054 1935 totis
1075 1875 1140 1934 tol·
1196 1903 1203 1914 e

136 1975 178 2038 lit
197 1995 235 2031 =
256 1975 347 2039 tollit
373 1973 457 2038 totis
486 1971 577 2036 Pith.
604 1973 701 2036 Rem.
743 1973 804 2054 16.Ι
819 1973 931 2056 volpis
951 1993 989 2027 =
1010 1976 1139 2060 vulpes.
1223 1972 1242 1994 ⁸

139 2079 188 2140 13.
214 2081 313 2141 Tune
333 2099 371 2136 =
394 2080 498 2140 Tam.

135 2226 138 2234 -
196 2179 371 2244 Lectiones
393 2179 477 2240 hesed
498 2158 912 2264 irnprobsbiles'quioqnes
940 2194 943 2199 ·

199 2283 232 2371 3.
257 2285 310 2346 11.
334 2283 388 2346 33.
412 2283 466 2344 31.
489 2282 542 2344 33.
553 2279 649 2373 fero
670 2282 697 2360 )(
718 2283 784 2346 tali
810 2282 901 2346 Pirh.
925 2282 1026 2345 Rem.
1061 2283 1138 2346 Seil.

132 2387 202 2452 solt
230 2384 312 2450 oriri
339 2396 466 2468 poterat
497 2405 537 2446 ex
566 2383 677 2447 ultimo
708 2406 741 2447 v.
766 2404 877 2446 versus
898 2386 1049 2466 praeced.
1076 2407 1138 2448 eer-

132 2490 240 2554 tude.
882 2563 885 2568 Ι

199 2593 315 2669 Error,
334 2611 428 2674 equo
443 2589 530 2654 sacili
545 2589 728 2654 coniectore
747 2589 878 2676 egregia
895 2590 1015 2674 prodiit
1028 2589 1137 2664 lectio,
1232 2664 1236 2671 ‚

129 2717 235 2760 unus:
260 2695 314 2758 22.
548 2761 550 2766 ,

197 2800 340 2862 Error-es
363 2797 520 2861 manifesti
541 2807 681 2880 septem:

198 2902 231 2965 9.
256 2904 308 2964 10.
333 2902 387 2966 13.
412 2903 464 2964 18.
488 2902 541 2964 31.
565 2902 617 2966 35.
643 2901 695 2964 26.

197 3003 372 3068 Lectiones
385 3004 535 3068 ‘incertae
557 3007 656 3068 duee:

200 3109 232 3172 6.
249 3111 301 3174 15.
319 3109 414 3192 (quae
431 3107 557 3192 qriidem
574 3109 709 3171 adhunc
726 3103 811 3172 Coe.
827 3108 988 3188 pertinere
1001 3101 1139 3193 nequit.)

197 3211 382 3288 Lectiones,
395 3231 478 3294 quae
488 3209 744 3293 interpolationis
755 3209 894 3297 speciem
906 3211 1036 3285 habent,
1050 3220 1137 3272 tres:-

198 3315 308 3378 sse.
333 3315 387 3378 19.

198 3417 267 3482 Has
290 3417 410 3481 scilicet
427 3417 538 3480 ultimo
553 3417 628 3481 loco
649 3416 723 3480 ideo
738 3413 914 3491 collocavi,
939 3427 975 3478 ut
999 3415 1031 3498 in
1044 3412 1139 3478 huius

129 3520 232 3604 ipsius
255 3520 365 3602 capitis
387 3521 450 3586 fine
471 3543 572 3583 meam
592 3519 805 3602 suspicionem
821 3515 1137 3601 proderemuCodia

126 3645 198 3688 cem
210 3624 304 3686 istum
324 3623 490 3706 aliquando
502 3623 683 3708 integrum,
704 3623 757 3702 ¹vel
773 3623 863 3704 etiem
877 3620 944 3684 eins
962 3619 1136 3704 exemplar,

128 3747 321 3812 quemquam
343 3726 428 3788 haud
448 3725 557 3809 paucis
578 3726 609 3788 in
631 3729 729 3790 rebus
753 3725 1029 3808 praestabiliorem
1049 3734 1135 3786 cete-

127 3831 178 3893 ris
203 3832 328 3894 duobus
357 3827 440 3890 inter
475 3851 509 3892 se
540 3827 725 3907 simillimis,
763 3841 869 3892 temen
893 3826 926 3888 in
959 3821 1138 3910 prooemiis

127 3931 318 4016 praesertim
340 3931 519 3997 fabularum
549 3933 590 3996 ab
616 3932 743 3998 homine
765 3953 829 3996 non
848 3951 985 4014 prorsus
1005 3929 1138 3994 indocto
