2788 4772
291 359 329 422 16

289 499 396 584 sicque
420 497 481 565 Cd.
508 501 609 584 Pitlr.)
633 522 667 562 v.
692 499 726 564 7.
747 501 866 584 gravis
881 487 1020 566 omnino
1041 501 1175 566 insueti
1195 526 1315 573 sonus

288 603 381 681 (teste
397 605 483 668 Gud.
500 635 538 669 =
551 602 670 687 gravis
683 603 824 666 omnino
842 604 987 667 insuetis
1005 624 1092 668 onus
1108 603 1177 669 Cd.
1197 609 1315 691 Pith.)

289 727 322 767 v.
349 707 400 769 12.
424 719 463 769 ut
484 717 710 790 compesceret
733 707 829 786 (teste
851 705 958 770 Gudio
988 729 1066 792 pag.
1101 709 1158 772 23.
1189 710 1314 800 sicque

290 807 352 873 Cd.
376 809 482 889 Pith.)

351 915 427 976 Hoc
450 933 528 976 vero
549 911 683 975 firmiter
706 915 873 976 tenendum
904 925 972 990 est,
1005 935 1129 978 omnem
1159 919 1313 982 varieta-

287 1026 350 1078 tem
382 1037 399 1076 a
428 1016 535 1079 Gudio
561 1036 579 1078 e
607 1017 680 1080 Ms.
707 1017 851 1091 allatam,
889 1016 981 1079 etiam
1011 1017 1039 1080 si
1070 1040 1134 1080 nou
1168 1043 1312 1106 semper

287 1117 441 1182 addiderit
462 1122 583 1196 Rem,
619 1120 720 1204 (quod
752 1131 855 1182 tamen
882 1122 999 1184 crebro
1025 1119 1114 1200 facit)
1147 1145 1217 1186 non
1248 1129 1308 1189 ali·

285 1223 367 1296 unde
395 1223 538 1284 haustam
574 1243 757 1307 essequam
784 1221 887 1286 eCd.
911 1219 1076 1286 Remeusi.
1130 1225 1244 1290 Velut
1275 1231 1307 1293 in
1384 1289 1385 1294 ,

287 1323 337 1386 his
349 1334 415 1424 rex
434 1324 623 1388 lectionibus
638 1324 761 1388 tertiam
780 1325 915 1410 queris,
940 1337 1085 1408 quartam
1100 1327 1177 1404 tte,
1206 1333 1307 1415 quin.

285 1437 349 1490 tam
376 1427 494 1510 gravis
519 1439 581 1490 cet.
605 1449 668 1491 uon
702 1431 807 1510 potuit
836 1431 1000 1492 desumere
1032 1449 1073 1492 ex
1099 1428 1305 1512 Appendice
1385 1493 1386 1520 3

166 1595 170 1601 ,
285 1530 484 1605 Pithoeana,
508 1531 562 1592 ubi
585 1551 647 1594 non
664 1542 898 1608 memorantur,
923 1531 1004 1594 etin
1030 1543 1120 1594 sexta
1146 1547 1189 1597 ut
1205 1560 1304 1602 eom·
1385 1555 1386 1584 ³

280 1645 437 1717 perderet
451 1654 479 1698 a.
492 1633 631 1698 Pithoeo
651 1635 769 1709 relata,
794 1635 879 1697 addit
902 1637 995 1708 „Ma
1013 1637 1111 1700 Rem.
1128 1649 1166 1699 et
1179 1640 1303 1705 Piros·

287 1736 384 1817 Quod
414 1757 493 1799 vero
522 1735 555 1798 in
577 1736 677 1817 prima
700 1737 763 1800 dos
789 1736 923 1820 Rigaltii
951 1749 1071 1800 tantum
1106 1742 1303 1808 testimonio

283 1837 402 1916 utitur,
427 1860 467 1901 ex
483 1859 523 1904 eo
546 1837 765 1919 explicandum
785 1849 852 1914 est,
877 1841 964 1915 quod
984 1840 1077 1903 variis
1092 1846 1304 1926 temporibus
1386 1829 1387 1836 ¹

284 1953 491 2026 etquattuor
521 1941 552 2003 in
581 1939 815 2021 exemplaribus
836 1941 1056 2026 annotationes
1085 1965 1162 2008 suas
1184 1967 1303 2012 exara·
1386 1993 1387 1996 κ

284 2043 342 2108 vit.
386 2045 446 2108 Illa
469 2043 585 2128 igitur,
609 2042 640 2106 in
667 2065 730 2126 qua
757 2043 897 2124 disputat
918 2045 957 2107 de
983 2045 1123 2108 lectione
1148 2050 1235 2128 dos,
1262 2047 1302 2117 ἰο

283 2157 429 2229 tempore
450 2128 718 2209 literis'mandata
743 2145 886 2222 videtur,
925 2167 990 2230 quo
1021 2151 1163 2213 nondum
1189 2155 1300 2218 Phae·

284 2249 333 2312 dri
355 2250 496 2313 codicem
530 2251 718 2313 ilerdensem
755 2260 949 2336 excusserat.
1008 2252 1170 2332 Supplere
1194 2255 1297 2342 igitur

284 2365 316 2416 et
344 2352 510 2437 corrigere
539 2352 694 2432 interdum
729 2373 746 2414 e
783 2350 882 2415 Gudii
915 2350 999 2415 euris
1037 2354 1134 2420 debui
1160 2361 1298 2424 schedas

283 2456 467 2529 Vincentii3
498 2477 562 2540 quo
590 2457 677 2519 sacto
708 2466 740 2518 et
767 2453 910 2517 instituta
935 2454 1084 2519 contiuua
1118 2480 1296 2542 compara-

282 2559 371 2623 tione
390 2559 557 2632 Pithoeani
575 2557 717 2620 intellexi
739 2556 794 2619 vix
808 2556 879 2620 lieri
893 2578 1006 2638 posse,
1032 2571 1067 2622 ut
1087 2557 1120 2622 in
1138 2563 1297 2628 Remensi

283 2663 398 2725 multae
421 2661 573 2724 lectiones
598 2662 702 2721 bonae
722 2657 825 2743 frugis
848 2660 1044 2737 delituerint,
1068 2683 1151 2744 quae
1169 2673 1296 2730 utrum·

282 2787 362 2850 que,
384 2775 415 2826 et
438 2763 573 2826 Gudium
596 2774 627 2824 et
653 2761 878 2835 vincentium,
902 2761 1057 2846 lugerint.
1142 2783 1146 2790 ·

345 2867 475 2930 Interna
498 2876 600 2928 arrtem
622 2862 745 2927 indoles
772 2862 835 2928 Cd.
858 2865 1023 2927 Remensis
1043 2865 1202 2935 eiusmodi
1218 2871 1291 2948 luit,

132 2955 133 2964 ¹
208 2937 226 2981 '¹'
281 2981 316 3032 ut
342 2969 466 3053 aliquot
493 2953 647 3031 lectiones
676 2965 823 3030 meliores
852 2966 1039 3031 Pithoeanis
1071 2973 1292 3049 continuerit,

199 3091 203 3100 ¹
282 3072 381 3136 veluti
407 3071 511 3134 statim
547 3069 666 3154 primas
702 3069 769 3131 illas
792 3069 855 3133 dos
879 3091 941 3151 pro
967 3092 1061 3145 mos,
1080 3071 1205 3162 fauce
1227 3099 1291 3159 pro

278 3173 375 3263 foce.
421 3172 561 3238 Omnino
584 3175 772 3238 Remensem
797 3172 1005 3256 antiquiorem
1023 3184 1105 3255 puto
1131 3177 1233 3241 fuisse
1252 3201 1288 3241 v.

279 3299 312 3341 e.
335 3277 413 3340 Lib.
437 3277 474 3352 2,
499 3277 535 3352 9,
572 3277 602 3339 1.
626 3274 683 3339 ubi
701 3297 784 3339 nune
806 3297 824 3338 e
847 3274 910 3340 Cd.
935 3276 1062 3338 Perotti
1088 3289 1121 3339 et
1140 3301 1181 3342 ex
1200 3279 1289 3343 leliei

282 3378 379 3446 Gudii
405 3378 492 3444 coni.
519 3378 637 3463 legitur
663 3376 794 3461 Aesopi
821 3377 978 3462 ingenio,
1017 3379 1112 3441 Rem.
1147 3382 1290 3444 habebat

281 3483 411 3568 Aesopi
438 3483 636 3565 ingentem,
665 3479 833 3564 vestigium
862 3479 961 3564 igitur
995 3478 1159 3556 veritatis,
1193 3481 1287 3547 Pith.

281 3609 362 3651 vero
386 3586 546 3670 vulgatam
579 3595 649 3646 ante
675 3583 811 3645 Gadium
843 3583 982 3666 Aesopo
1009 3582 1197 3667 ingentem.
1242 3585 1288 3646 Et

282 3689 329 3754 sic
346 3690 511 3772 complura
532 3687 564 3749 in
584 3687 674 3750 Pith.
697 3705 832 3766 prorsus
848 3696 1000 3774 corrupta
1019 3687 1179 3766 reperies,
1204 3703 1287 3765 qrrae

283 3793 408 3856 nonnisi
430 3813 447 3855 e
470 3790 626 3872 scriptura
653 3787 754 3850 levius
784 3789 895 3850 affecta
929 3788 1095 3851 Remensis
1127 3783 1285 3866 explicari

282 3906 428 3978 possunt.
474 3895 571 3976 Quod
593 3903 695 3955 autem
712 3892 752 3953 ad
770 3903 871 3956 totum
888 3911 1008 3972 corpus
1024 3889 1178 3970 pertinet,
1203 3885 1283 3948 adeo

284 4009 356 4062 sunt
377 3997 492 4062 similes
511 3998 606 4062 Rem.
628 4005 659 4060 et
681 3993 789 4072 Pru,
815 4005 850 4058 ut
868 3992 919 4057 hic
937 4015 978 4058 ex
998 3993 1054 4058 illo
1078 3990 1129 4058 rel
1151 4000 1284 4102 uterque
