2788 4772
692 560 788 625 [rte.
808 558 861 621 ,ιι

381 713 530 784 LUPUS
553 711 820 806 ETHVULPES
843 705 1002 773 IUDlCE
1025 695 1176 770 SIMIO.

316 859 506 942 Quicunque
527 853 614 937 turpi
634 852 745 916 fraude
767 851 864 916 semel
886 846 1042 923 innotuit,

276 962 381 1028 Etiam
404 945 431 1023 si
453 980 562 1021 verum
587 941 680 1032 dicit,
705 955 818 1017 arnittit
840 953 946 1014 iidem.

276 1068 354 1130 Hoc
376 1067 549 1126 adtestatur
571 1060 677 1122 brevis
701 1055 824 1137 Aesopi
845 1054 966 1116 fabula.

319 1170 432 1248 Lupus
456 1165 611 1248 arguebat
634 1162 760 1241 uulpem
783 1157 861 1222 furti
882 1157 1046 1242 criuriuet

278 1271 428 1354 Negabat
449 1267 503 1328 illa
526 1287 560 1328 se
583 1283 651 1327 esse
674 1262 782 1344 culpae
804 1263 996 1343 proximam.
1085 1303 1088 1308 .

194 1438 197 1444 ,
277 1377 371 1436 Titne
393 1370 489 1432 iudex
511 1367 689 1429 interillos
711 1364 790 1426 sedit
811 1365 931 1428 simius.

278 1477 422 1554 Uterque
445 1469 570 1532 causam
593 1490 688 1552 quum
710 1477 913 1548 perorassent
935 1485 1041 1540 suam,

278 1575 409 1640 Dixisse
433 1575 537 1636 l'ertur
558 1571 665 1634 simius
688 1569 890 1631 sententiam:

282 1681 332 1741 Tu
356 1698 420 1740 non
443 1675 558 1737 videris
581 1672 756 1755 perdidisse
779 1674 866 1756 quod
888 1670 988 1754 petis;

280 1783 328 1842 Te
351 1781 448 1841 eredo
472 1775 687 1858 subripuisse,
712 1779 799 1858 quod
821 1775 953 1858 pulchre
975 1793 1085 1856 negas.
1149 1759 1152 1764 ¹
1239 1771 1282 1831 10

686 1972 783 2036 [rto.
809 1973 874 2035 uu]

454 2125 618 2190 ASINUS
641 2127 703 2188 ET
726 2125 821 2189 LEO
844 2123 1112 2188 VENANTES.

322 2266 461 2332 Virtutis
484 2287 601 2348 expers
624 2265 730 2328 verbis
752 2265 872 2327 iactans
894 2261 1029 2348 gloriam

280 2373 416 2456 ignotos
437 2369 537 2444 fallit,
562 2367 645 2432 notis
667 2379 715 2429 est
737 2367 866 2431 derisui.

321 2471 444 2536 Venari
467 2471 565 2537 asello
589 2471 704 2535 comite
725 2493 820 2556 quum
844 2471 939 2533 vellet
959 2471 1035 2545 leo,

280 2575 436 2641 Contexit
457 2574 545 2637 illum
568 2574 685 2637 frutice
706 2586 738 2637 et
759 2571 924 2654 admonuit
945 2571 1055 2650 simul,

280 2680 325 2743 Ut
347 2677 471 2740 insileta
493 2695 575 2739 voce
596 2687 735 2740 terreret
755 2675 860 2751 teras,

256 2827 260 2834 -
280 2779 457 2864 Fugientes
478 2777 546 2861 ipse
568 2777 746 2861 exciperet.
789 2779 854 2844 Hic
876 2776 1032 2842 auritulus

330 3000 391 3044 Pir.
411 2999 446 3044 X.
483 2995 521 3056 (l)
537 2993 619 3057 furti]
643 3011 668 3054 p.
698 2998 724 3043 s.
744 3019 778 3032 -
796 2994 866 3057 sorti
887 3000 918 3046 P.
943 3000 974 3046 li.
999 2997 1075 3056 (nont
1107 3019 1140 3032 -··
1156 2992 1228 3058 sorte
1244 2995 1282 3056 g.)

278 3067 319 3130 (8)
336 3067 497 3128 seutentiam]
516 3081 540 3124 p.
558 3069 584 3112 S.
605 3091 638 3102 -
657 3068 765 3112 samiam
781 3069 811 3113 P.

265 3175 270 3183 .
329 3139 390 3185 err.
410 3139 457 3182 xl:
500 3135 538 3204 i⁶i
566 3138 620 3200 ipse
641 3135 781 3198 exciperet]
805 3139 844 3184 Sic
868 3139 899 3184 D.
922 3143 982 3186 teste
1000 3138 1109 3185 Heinsio.
1129 3137 1155 3182 S.
1175 3159 1208 3171 —
1227 3136 1281 3194 ipse

279 3213 306 3253 ut
331 3221 389 3252 exc.
408 3208 438 3252 P.
457 3206 487 3250 il.
506 3220 531 3263 p.
557 3203 603 3266 (-
622 3212 648 3252 ui
668 3209 722 3266 ipse
739 3221 764 3267 ς.
784 3210 850 3266 quasi
870 3223 900 3254 ex
920 3207 1004 3267 Rem.)
1039 3206 1125 3266 (lbirl.)
1144 3203 1283 3265 auritulus]

278 3279 334 3337 tttg.
359 3279 385 3323 S.
404 3301 438 3312 -
456 3277 587 3322 auriculae
609 3277 640 3322 P.
659 3279 691 3326 D.
712 3302 745 3312 —
764 3280 895 3324 auriculas
912 3293 937 3334 p.
974 3276 1012 3337 (7)
1031 3277 1166 3322 clamorem
1189 3273 1281 3334 subito]

278 3349 309 3392 P.
328 3361 342 3391 a
361 3361 410 3392 see.
429 3359 462 3394 m.
482 3345 511 3392 R.
532 3347 558 3392 8.
587 3348 908 3402 („ltus1ueudatu1uiuP.
928 3349 960 3392 At
978 3351 1055 3404 prims
1073 3347 1161 3392 lectio:
1189 3346 1282 3389 elamo-

279 3421 318 3462 rst
336 3416 402 3473 (sie).
438 3415 488 3460 Neo
510 3415 632 3462 Brotierio
650 3413 709 3463 fides
731 3418 880 3472 adhihenda,
900 3419 982 3476 quise
1000 3417 1033 3461 ibi
1053 3417 1140 3475 legisse
1161 3420 1281 3461 testatur:

279 3489 414 3531 clamorem
424 3491 461 3537 et,
478 3499 563 3543 quum,
578 3489 631 3531 loeo
643 3489 734 3543 primae
748 3489 855 3532 lectionis
871 3487 1012 3544 (clamoret)
1027 3485 1140 3530 librarius
1157 3485 1283 3539 scripserit

279 3557 430 3610 clamorem,
446 3556 508 3600 linea
521 3557 630 3612 impositu
640 3558 663 3600 in
676 3571 689 3600 e
702 3563 862 3615 expunctuque
871 3558 949 3602 littera
957 3553 1093 3613 r.”ttrrr.)
1103 3579 1136 3590 -
1147 3556 1282 3599 clamorem

279 3625 387 3670 subitum
396 3625 428 3668 D.
441 3649 474 3659 -
487 3626 597 3671 clamore
608 3625 690 3670 autito
705 3641 729 3681 p.
750 3627 832 3682 (thiu.)
847 3650 881 3660 -
893 3627 958 3671 rotttt
969 3623 1037 3684 totis]
1051 3625 1081 3671 Ρ.
1094 3626 1125 3671 li.
1136 3639 1161 3680 p.
1178 3635 1209 3668 =
1224 3622 1282 3668 totio

279 3695 344 3739 tollit
364 3695 393 3742 D.
409 3695 435 3740 S.
455 3691 509 3751 (10)
525 3691 686 3756 affliguntur]
703 3697 732 3740 D.
748 3697 773 3740 S.
794 3720 826 3730 -
842 3694 997 3759 adficiutrtur
1017 3696 1049 3742 P.
1064 3696 1094 3741 R.
1114 3709 1136 3750 p.
1163 3689 1282 3751 (iliquil

278 3765 309 3808 P.
330 3763 359 3809 li.
382 3778 404 3820 p.
422 3765 467 3821 S.;
487 3766 526 3823 qui
545 3767 606 3810 falso
628 3765 730 3809 Pithoeo
748 3765 833 3810 tribuit
850 3767 978 3812 lectionem
994 3763 1035 3812 hic
1054 3761 1161 3822 (licius.)
1197 3760 1281 3817 (ibid.)

272 3829 365 3894 sersus
389 3832 437 3893 eet]
461 3848 484 3890 p.
501 3836 528 3879 8.
550 3859 583 3870 -
601 3849 651 3878 orn.
671 3839 709 3878 err
726 3835 754 3880 P.
775 3835 805 3881 u.
842 3833 898 3894 (12)
922 3836 1015 3891 „Errat
1032 3835 1122 3884 Gotlius
1140 3839 1281 3878 assererent

278 3909 337 3947 tunc
352 3904 433 3948 deesse
445 3904 467 3948 in
478 3904 523 3948 Cd.
536 3904 588 3948 P.''
600 3905 678 3948 Bere.
698 3904 809 3952 Defuitue
820 3907 843 3968 io
853 3904 904 3964 ihi
917 3905 982 3951 Nihil
991 3906 1135 3952 noutvine.
1155 3899 1210 3960 (13)
1222 3915 1281 3960 quu-

209 4000 211 4008 .
279 3969 323 4030 lis]
342 3973 446 4032 „Prima
471 3975 541 4018 lectio
565 3973 677 4033 quotes?
706 3975 783 4022 lietu.
827 3975 911 4036 (tuit.)
929 3975 1024 4024 videtur
1048 3987 1125 4032 opere
1149 3971 1194 4020 tili
1215 3971 1280 4017 eoric
